3617 4600
565 327 802 394 ·m
950 379 987 398 ..
1047 261 1059 270 Ἰ
1309 325 1376 448 ar³

69 500 166 574 tueri
188 523 255 574 non
269 490 440 600 potuisset,
465 497 525 573 nili
541 501 763 576 obieelionem
778 499 819 574 ab
835 493 971 572 oraculis
984 493 1066 576 illie,
1082 516 1119 568 er
1134 492 1270 585 historia
1283 519 1351 570 aot·

73 597 222 696 pliffirrra
238 596 440 673 idololatriae
458 601 630 698 gentilium
645 605 804 698 peritam,
829 615 975 672 extremo
996 611 1113 669 conatu
1141 591 1288 668 uoluisset
1310 596 1366 680 de,

26 779 31 786 ,
65 698 212 774 struere.
262 745 291 777 υ
319 699 357 768 lu
386 699 508 772 horurn
541 702 805 776 Duumvirorum
829 699 996 782 tationes,
1033 693 1137 791 iuquit
1159 694 1192 769 b.
1218 695 1363 768 Wart-

70 847 105 878 „
136 821 331 883 mannus
356 792 431 872 diss.
454 800 479 869 l.
497 803 604 897 inaug.
622 825 653 898 p.
670 824 728 884 70.
743 793 769 870 s.
797 794 912 870 referri
931 789 1022 893 poss'e
1034 791 1202 881 rxillimo,
1226 797 1316 886 quod
1329 799 1364 868 in

70 947 104 978 „
132 895 248 994 Belgio
264 903 298 968 δι
314 897 491 968 Germania
501 921 668 990 uenenum
683 895 761 970 illud
778 895 878 970 hodie
894 912 960 966 tarn
977 892 1040 965 late
1055 884 1213 990 grelletur
1232 901 1268 967 δι
1281 919 1363 966 con·

71 1043 103 1078 „
135 997 234 1070 traria
252 993 400 1068 doeirina
416 994 459 1068 de
476 997 644 1068 malorum
665 999 846 1094 spirituum
868 988 1065 1078 exsistentia,
1089 993 1235 1088 potentia
1255 999 1290 1066 dr
1311 995 1362 1064 in·

70 1143 103 1176 0,
133 1094 226 1168 fluxu
246 1089 372 1164 efficaci
387 1095 420 1164 in
435 1117 485 1166 res
500 1095 593 1168 huius
608 1095 719 1168 rnundi
736 1090 904 1190 spiritualis
920 1101 955 1166 ἃ
970 1091 1142 1185 corporei,
1166 1116 1237 1194 quae
1250 1108 1362 1165 tamen

69 1243 102 1277 „
133 1188 294 1264 verisfima
313 1197 347 1264 ἃ
363 1193 396 1262 in
412 1187 506 1266 sacris
525 1191 638 1266 litteris
654 1190 890 1278 fundariffina,
918 1214 1022 1289 prope
1038 1189 1071 1260 io
1094 1187 1271 1262 ludibrium
1292 1191 1361 1264 ees·

74 1342 108 1374 „
135 1289 234 1378 serit,
259 1285 356 1360 vsoue
373 1290 474 1374 adeo,
499 1297 534 1364 'vt
550 1289 705 1378 sollemne
722 1291 780 1382 fit,
829 1287 1150 1372 rutiles,iudaeos&
1170 1287 1359 1369 chrillianot

68 1440 102 1473 „
132 1364 316 1462 sacerdote}
337 1387 387 1460 seu
414 1387 606 1488 theologos,
632 1393 777 1465 eiusdem
793 1317 952 1488 'sgmenri
969 1395 1002 1461 ἀ
1024 1387 1218 1484 imposturae
1238 1393 1271 1458 in
1295 1391 1360 1462 hoc
1409 1487 1417 1494 Ι

50 1541 101 1582 „.
130 1513 252 1590 genere
271 1486 480 1569 damnare...
532 1479 703 1588 Weissrm'r'
723 1487 908 1564 &Serrrlrri
934 1485 1212 1562 adaernonisnum
1233 1491 1359 1582 optime

69 1592 211 1664 nouerit
231 1611 268 1660 eu
284 1587 338 1674 iit,
362 1612 480 1685 quaen
503 1587 724 1666 Reuerendiff.
746 1589 790 1665 D.
813 1591 857 1662 D.
876 1589 1028 1665 Fauno
1055 1581 1129 1663 diss.
1147 1587 1169 1654 l.
1186 1593 1222 1658 dr
1243 1589 1283 1660 11.
1299 1592 1356 1666 eit.
1394 1614 1398 1622 ·

71 1681 231 1786 copiose,
246 1682 433 1774 solidissime
459 1713 497 1762 ue
517 1683 673 1786 disputata
689 1683 771 1762 lunt.
825 1685 862 1759 ld
883 1711 986 1762 vnum
1004 1679 1178 1783 inscriptis
1193 1681 1287 1766 huius
1302 1685 1358 1761 de.

69 1777 286 1886 prehendisse
302 1783 383 1854 milri
401 1715 537 1873 uideor,
553 1811 629 1858 eum
645 1791 677 1859 in
691 1785 848 1862 sententiis
866 1781 927 1859 suie
946 1793 979 1860 &
1001 1787 1150 1880 cogitaris
1165 1783 1206 1857 de
1222 1783 1358 1858 daemo-

67 1885 169 1956 nibus
183 1879 383 1978 aperiendia,
408 1908 485 1956 euru
503 1883 706 1974 οἰκονομικὸν
721 1882 879 1958 scribendi
905 1906 1007 1979 genos
1034 1886 1067 1951 in
1089 1885 1359 1979 interpretatione

66 1979 246 2068 sacrorum
263 1975 424 2048 librorum
445 1985 538 2053 toties
554 2003 665 2074 urgeat
681 1992 715 2052 dt
734 1977 798 2074 ipse
819 1977 987 2074 sequetur,
1000 1973 1128 2071 semper
1139 1979 1267 2074 longius
1280 2004 1358 2074 pto-

69 2068 220 2164 cessrlle,
241 2081 283 2154 ,dr
308 2094 384 2148 conr
407 2075 447 2146 ab
471 2079 564 2148 initio
582 2099 651 2148 oon
679 2094 802 2162 tanturn
827 2072 1036 2150 exsilientium
1059 2074 1358 2166 cacodaemonum,

66 2175 125 2249 sed
143 2182 179 2247 δι
197 2168 372 2246 infaustum
387 2168 519 2246 illorum
538 2180 570 2244 in
588 2197 648 2244 noa
664 2173 845 2248 dominium
868 2179 903 2247 δι
920 2168 1065 2270 insanam
1086 2174 1274 2246 animorum
1290 2199 1355 2248 no·

66 2275 217 2347 litorum
233 2293 311 2344 eum
337 2268 398 2343 illie
422 2271 689 2347 coniunctionem
707 2270 889 2348 concedere
913 2269 1096 2359 uideretur,
1120 2273 1187 2345 iarn
1203 2269 1355 2349 audacio-

67 2396 144 2445 rem
165 2368 309 2456 saelum,
333 2366 532 2457 omnemque
552 2370 644 2446 illurn
667 2362 842 2461 miserum,
868 2367 1087 2470 reloquitur,
1113 2370 1355 2447 locumdedie·

67 2469 155 2545 bolo
180 2471 198 2545 ὲ
218 2470 384 2564 systemate
403 2472 576 2543 veritatum
592 2467 777 2546 salutarium
796 2495 999 2569 expungere,
1027 2476 1061 2547 de
1082 2471 1123 2542 ad
1146 2470 1287 2545 iudaicae
1300 2476 1354 2551 fet·

68 2568 187 2663 reiut,
213 2566 253 2641 ad
282 2566 374 2638 llulta
400 2566 752 2669 gentissuperslitiosae
773 2568 950 2667 deliria&
980 2587 1167 2641 commenta
1195 2564 1353 2670 ablegare.

68 2666 166 2745 conf.
187 2670 236 2761 Εἰ.
251 2666 386 2761 Unters.
402 2670 457 2740 dtr
472 2672 605 2745 Canens
624 2672 677 2745 ΙΙ.
698 2668 760 2745 Tr.
775 2694 813 2761 p.
830 2674 883 2762 96.
913 2670 982 2743 Nee
999 2667 1119 2757 hodie,
1133 2672 1258 2765 inquit,
1279 2666 1352 2746 diii.

68 2762 112 2839 de
131 2762 323 2842 discrimine
339 2762 512 2839 notionum
530 2766 714 2867 uulgarium
730 2772 764 2839 dt
779 2768 1064 2855 christianarums.
1082 2769 1124 2843 X.
1142 2776 1193 2836 ¹⁶·
1216 2811 1254 2859 2„
1268 2767 1355 2842 defi·

66 2910 100 2957 n,
126 2872 177 2940 nir
196 2862 361 2961 theologia
378 2864 534 2957 judaico·
548 2866 744 2947 christiano.
769 2870 857 2938 euius
872 2862 1030 2963 insignem
1049 2862 1130 2936 facit
1148 2889 1275 2963 partem
1294 2868 1352 2941 'ille

66 3010 98 3043 n
124 2968 169 3039 de
186 2962 319 3036 diabolo
339 2960 495 3059 malisque
513 2964 634 3065 angelis
652 2964 750 3038 locut.
788 2963 844 3041 llle
866 2964 954 3039 locus
970 2962 1010 3043 de
1024 2962 1166 3038 Diabolo
1182 2962 1277 3039 bonit
1289 2969 1352 3060 ign·

66 3107 98 3149 „
122 3060 304 3163 probisque
322 3061 513 3135 dodoribus
534 3056 616 3135 solet
634 3067 909 3161 opportunitatem
930 3060 1020 3163 quast
1036 3061 1214 3135 multorum
1236 3064 1352 3135 uerbo.

67 3208 99 3242 t,
124 3166 364 3261 rutn,‚iraeque
383 3156 663 3242 uanae&furoris
686 3165 790 3239 inanis
814 3158 1006 3263 suggerere,
1031 3180 1065 3241 vt
1085 3158 1232 3259 plerique
1248 3160 1349 3235 latam

68 3307 98 3343 „
127 3258 216 3331 illam
240 3264 325 3331 uiam
353 3254 553 3363 sequantur,
578 3266 612 3337 d<
640 3256 813 3337 fortilfitne
834 3261 1034 3361 loquantur,
1059 3286 1100 3338 ne
1123 3260 1274 3339 horruinet
1292 3286 1355 3356 au·¹
1447 3338 1451 3343 ,
1522 3293 1527 3301 ·

8 3392 14 3405 r
66 3406 96 3438 .,
122 3356 224 3431 deaut
243 3367 277 3433 de
294 3356 498 3431 christianam
519 3364 634 3435 mentis
650 3364 837 3459 ingeniique
856 3360 1002 3436 indolem
1022 3362 1159 3462 experiri
1176 3357 1276 3460 longe
1298 3359 1356 3436 se·.'
1389 3384 1409 3430 ·›

64 3506 93 3538 ‚,
117 3457 225 3545 licius,
250 3480 348 3557 qoam
377 3458 487 3531 talium
508 3455 671 3557 phrallum
692 3457 782 3535 crudi
802 3475 900 3557 atque
927 3462 1024 3542 ruder
1049 3464 1245 3533 inuentoree.
1291 3460 1348 3535 llla
1395 3465 1400 3473 ’

68 3606 98 3641 „
124 3554 251 3633 iudaice
287 3554 420 3629 diabolo
444 3559 474 3627 ia
505 3556 644 3657 impedit
679 3576 782 3653 atque,
806 3558 954 3635 obscurat
987 3560 1093 3633 lucem
1115 3564 1149 3635 dt
1173 3558 1348 3657 benignum

70 3704 100 3737 „
125 3653 333 3755 splendorem
353 3580 555 3753 perilslioria
576 3658 820 3755 cognitionis...
869 3660 969 3731 Hane
994 3654 1095 3759 ipsam
1119 3657 1349 3755 gradationem

70 3755 172 3836 docet
202 3762 236 3829 ἁ
257 3749 406 3827 obstruat
428 3750 475 3825 lll.
497 3756 596 3831 Cane.
618 3756 775 3845 Reuss,
806 3752 877 3833 dist.
897 3759 951 3832 cit.
971 3784 1005 3857 p.
1023 3784 1076 3840 4.
1094 3777 1149 3835 ις.
1181 3764 1199 3847 p
1226 3758 1272 3827 1.
1291 3758 1354 3839 vn

72 3850 175 3929 Cous.
214 3854 311 3927 etiam
350 3878 433 3951 quae
473 3852 604 3953 collegit
642 3858 676 3931 iu
710 3852 784 3934 dist.
810 3856 853 3929 de
885 3860 1091 3933 oeconomia
1127 3884 1160 3957 p.
1198 3878 1253 3933 ³²·
1288 3884 1349 3943 40.

73 3950 127 4025 vbi
149 3954 219 4029 Viri
237 3948 447 4030 Celeberrimi
462 3954 651 4059 principia,
677 3956 786 4128 quppd
810 3958 897 4035 hunc
920 3952 1060 4040 lotum.
1092 3976 1233 4064 quatuor
1246 3956 1349 4039 absol·

1218 4080 1339 4131 uunrur
