3617 4600
414 5 428 48 Ι

286 251 1146 361 JNLAPsuuTPosTLAPsuM.
1305 273 1351 350 μ

42 432 174 504 matio
188 479 205 508 .
233 417 362 506 naturae
384 441 433 519 &A
449 439 571 530 gratiae
592 438 626 508 in
646 437 800 510 omnibus
820 431 880 508 suis
900 429 1137 506 adfectionibus
1157 425 1357 506 consentiens

45 532 273 622 harmonia,
301 537 414 628 &qui
439 558 511 604 earn
529 539 750 630 comitantur,
776 529 988 606 iucundiss'rmi
1005 529 1149 622 fructu„
1175 525 1358 604 &sexem-
1474 591 1481 612 ,

51 647 90 699 ta
117 628 158 699 id
178 651 284 724 genua
299 629 382 710 alia,
406 657 487 732 quae
506 634 649 706 Christus
667 659 729 706 vna
747 638 921 722 ueritatis,
948 635 982 702 in
1004 656 1070 726 qua
1093 657 1164 703 non
1187 625 1357 723 perllitille

49 727 231 800 satanam
248 733 461 824 pronunciat,
483 755 565 803 rote
580 731 818 828 cornpledlitur.
844 733 944 829 (lob.
960 733 1046 804 Vlll.
1065 734 1148 819 44.)
1174 730 1267 830 Qae
1289 721 1355 825 ipsa

44 828 213 906 vertras.
225 852 298 902 non
309 829 366 902 n'fi
386 828 429 900 eli
443 832 606 928 primaeua
619 825 806 926 rectitudo,
826 829 909 907 &ad
920 829 1059 927 gloriam
1077 833 1141 905 Dei
1155 851 1354 928 promouen-

45 927 142 998 dam
160 935 202 1000 ἀ
226 923 423 1000 dilatandam
445 929 626 1028 composrta
641 935 742 1031 animi
755 930 944 1008 constitutio
959 979 974 1008 ,
997 929 1085 998 dona
1098 927 1219 1024 reliqua
1233 929 1355 1022 gratiae

47 1023 342 1121 praestantissima
358 1085 370 1115 ‚
394 1027 658 1102 excellenriffima.
684 1044 687 1052 '
706 1027 995 1130 Qremadmodum
1010 1031 1099 1098 enim
1115 1025 1248 1119 quilibet
1267 1023 1355 1095 ordo

43 1123 266 1224 spirituum.
283 1122 375 1200 suurn
390 1127 754 1226 geilae-chamelerem,
771 1131 893 1202 adonis
904 1131 1027 1222 gratiae
1041 1131 1082 1204 dt.
1096 1122 1355 1202 naturaeliatita·

46 1220 158 1309 κύτη,
189 1225 236 1293 ita
248 1221 405 1320 spiritibus
423 1227 643 1324 cuiuscunque
658 1229 780 1302 ordinis
797 1229 878 1301 fixus
889 1224 1051 1300 ellaDeo
1064 1221 1241 1318 terminus,
1252 1246 1357 1318 quem

46 1319 147 1396 salua
171 1317 230 1394 sua
251 1328 415 1420 primaeua
431 1323 621 1403 tcslitudine
635 1323 859 1404 transcendere
878 1347 946 1398 noo
962 1320 1102 1422 poliunt.
1135 1325 1239 1395 Prima
1252 1324 1353 1424 igitur

47 1427 87 1514 ἀ
111 1423 327 1518 praecipua,
351 1449 451 1520 quam
474 1428 629 1526 praeliare
645 1444 793 1498 tenentur
813 1422 940 1525 spiritus
959 1430 1176 1522 cuiuscunque
1196 1421 1322 1494 ordinis
1336 1468 1350 1497 ,

48 1519 211 1616 fidelitas
225 1521 258 1591 in
275 1548 319 1594 eo
337 1521 392 1594 fita
410 1521 474 1606 cll,
501 1551 535 1596 vt
552 1523 625 1596 eam
647 1525 827 1600 bonitatem
847 1522 1039 1622 physicam,
1065 1522 1223 1596 moralem
1237 1525 1272 1594 dt
1288 1511 1352 1615 spi·

47 1615 222 1690 ritualem
246 1639 421 1700 tueantur,
445 1649 544 1720 quam
563 1649 581 1694 a
602 1643 747 1696 creatore
765 1622 823 1696 suo
843 1645 1057 1720 acceperunt.
1082 1647 1143 1694 nec
1164 1639 1273 1700 tamen
1293 1641 1350 1688 ac-

48 1733 245 1814 ceperunt,
267 1740 301 1790 vt
320 1739 583 1816 partemnaturae
598 1717 670 1794 suae
685 1716 739 1794 seu
756 1719 904 1796 esserttiae
915 1771 929 1799 ‚
959 1715 1012 1794 sed
1029 1737 1063 1791 vt
1104 1717 1316 1807 erfestionem
1332 1765 1347 1796 .

50 1841 150 1910 quae
170 1863 184 1895 ,
209 1823 242 1890 ni
259 1813 477 1892 sollicitissime
490 1821 709 1897 custodiatur.
734 1823 838 1894 amitti
858 1817 974 1917 potell.
1023 1747 1113 1906 Qult
1132 1815 1230 1914 igitur
1245 1815 1356 1905 Scho-¹

51 1913 261 1984 lallicorum
287 1915 442 2007 quidam,
471 1941 553 2009 quos
578 1919 652 1988 vide
675 1922 706 1985 in
729 1911 804 1989 diss.
825 1921 849 1988 Ι.
872 1923 905 1990 S.
928 1919 972 1987 R.
998 1923 1042 1989 D.
1065 1919 1112 1990 D.
1137 1919 1348 1996 Cotuato,

6 2101 8 2106 Α
56 2012 212 2081 historia
227 2008 384 2081 succindit
397 2011 559 2110 dogmatis
572 2011 614 2083 dc
634 2013 761 2110 Angelis
781 2039 814 2108 p.
831 2035 845 2087 3
855 2039 886 2093 9·
915 2017 980 2104 (n.
1004 2017 1062 2099 ι.)
1084 2028 1279 2081 commento
1292 2010 1350 2078 luo

47 2109 97 2180 de
117 2107 208 2177 flatu
223 2131 382 2206 purorum
400 2109 590 2182 naturalium
608 2113 730 2200 velint,
759 2135 826 2183 non
839 2113 946 2186 video.
1000 2111 1072 2183 Nee
1086 2111 1176 2179 enim
1195 2129 1351 2178 marnoa·

53 2231 131 2278 tuta
149 2212 235 2284 entis
249 2207 473 2303 intelligentis,
498 2232 572 2282 cum
590 2207 741 2282 libertate
759 2229 929 2286 concreata
947 2260 961 2300 ,
984 2231 1060 2282 cum
1084 2205 1166 2279 slatu
1182 2205 1353 2307 probatio·

53 2308 108 2377 nis
122 2362 134 2391 ,
160 2332 240 2377 curn
257 2305 401 2378 fidelitati
417 2314 476 2380 rite
491 2309 700 2405 praestanda,
713 2312 880 2383 conciliari
896 2312 1009 2408 potest.
1058 2306 1118 2387 Cf.
1134 2332 1218 2405 quae
1230 2306 1270 2377 de
1282 2306 1350 2380 hoc

56 2402 257 2476 discrimine
269 2407 434 2477 donorum
444 2412 475 2478 in
488 2414 595 2504 primo
604 2410 738 2484 homine
751 2411 846 2481 docet
858 2408 1076 2481 Reuerendils
1086 2412 1128 2481 D.
1138 2411 1183 2480 D.
1199 2406 1257 2476 Fn
1267 2430 1314 2477 no
1325 2430 1348 2477 tt

55 2506 91 2573 in
115 2512 181 2575 der
199 2506 390 2605 Einieitrmg
408 2511 442 2578 r'n
457 2510 579 2584 'diesi
604 2508 785 2595 Gesrhirlrtr
802 2534 834 2603 p,
854 2530 933 2584 ara..
957 2516 994 2582 δι
1015 2514 1080 2606 inp.
1101 2506 1231 2596 locum,
1247 2528 1348 2601 qoem

57 2604 95 2669 in
123 2604 200 2677 diss.
230 2608 273 2675 de
290 2605 515 2677 Daemoniac'is
541 2629 654 2677 contra
679 2608 927 2694 walterium,
956 2633 994 2677 ex
1021 2611 1220 2685 lirano-n.
1247 2608 1351 2701 Joe·

64 2703 126 2773 n‘n
140 2724 201 2777 uo
227 2708 344 2776 excitat
360 2730 389 2801 p.
410 2728 461 2777 11.
488 2706 586 2794 (not.
601 2706 659 2802 g.)
684 2754 710 2782 „
727 2732 825 2800 quum
842 2704 1010 2778 diabolus.
1034 2706 1216 2798 inquiente,
1242 2704 1349 2783 dono·

62 2806 97 2877 „¹
122 2826 204 2887 rum
223 2801 414 2871 naturalium
429 2806 592 2898 peccando
607 2804 741 2883 nullutn,
753 2801 923 2881 anrilerit,
951 2807 995 2871 vti
1013 2800 1154 2897 loquitur
1170 2797 1347 2893 Dionysius

61 2944 93 2976 ..
122 2894 356 2986 Atheniensis,
380 2900 525 2999 adeoque
542 2903 685 3001 angelica
703 2906 770 2975 eius
784 2897 912 2973 essentia
928 2925 996 2971 non
1007 2902 1148 2969 omnino
1167 2898 1346 2973 interierit.

65 3042 95 3076 ..
122 2998 233 3071 malae
247 3015 380 3068 tantum.
395 3002 545 3094 propriae
566 3000 736 3072 voluntatis
751 2998 882 3073 adfedlu
895 2999 1171 3096 degenerauerit,
1194 3018 1347 3071 acorem·

65 3143 96 3173 „
123 3099 234 3195 risque
249 3114 314 3167 tam
330 3097 456 3168 diutino
480 3122 628 3193 tempore
651 3104 767 3169 eximia
789 3106 821 3171 dt
841 3097 1007 3195 multiplex
1029 3119 1140 3167 rerum
1160 3090 1346 3164 obseruatio

10 3228 23 3251 κ
65 3196 101 3271 2.
123 3200 158 3267 dt
181 3196 251 3267 vsus
269 3195 421 3293 insignis:
447 3220 582 3291 magnae
599 3196 689 3269 illum
708 3196 832 3268 conllat
853 3194 917 3269 esso
932 3197 1083 3280 virtutis,
1103 3195 1222 3263 virium
1235 3188 1344 3261 valen-

69 3347 91 3378 „
119 3291 311 3367 tidimarum
339 3348 349 3379 ,
375 3294 554 3367 calliditatis
581 3296 799 3373 incredibilis,
825 3294 996 3394 sapientiae
1015 3291 1083 3390 plus
1103 3315 1205 3387 quam
1230 3288 1345 3368 huma·

67 3442 90 3475 „
116 3415 208 3477 nae«,
235 3386 480 3489 perspicacitatis
506 3390 737 3473 acutissimae,
774 3394 960 3493 vigilantiae
990 3388 1169 3482 summae,
1194 3384 1346 3467 artificii,

67 3535 99 3566 ..
124 3493 258 3563 technas
273 3488 412 3565 llruendi
435 3489 738 3590 perniciofilsrmat,
760 3487 839 3564 suco
853 3490 1111 3590 spetiosrlstmo,
1136 3494 1244 3563 iocom
1281 3508 1343 3653 lrae·

157 3620 161 3627 ·
700 3598 777 3663 Ga
1217 3636 1223 3649 .
1270 3584 1341 3665 iis,

151 3706 204 3767 lud
220 3702 483 3787 affirnrreaufim,
505 3727 542 3767 ex
554 3708 602 3771 illa
617 3708 798 3787 scriptione,
818 3729 882 3790 qua
897 3708 984 3772 nult
1000 3714 1114 3773 tantun
1130 3710 1263 3776 dicitur.
1276 3722 1342 3769 eta·

158 3802 325 3879 teepistolat
341 3800 422 3878 Juda
442 3798 614 3878 posteriore,
635 3802 668 3867 δι
684 3801 865 3869 iudaicacum
887 3792 982 3861 inni»
1002 3806 1183 3884 pleniffim„
1208 3822 1271 3875 non
1285 3799 1340 3862 effe

156 3900 331 3965 detonsam.
361 3900 420 3959 Nec
435 3896 560 3967 contus,
573 3916 674 3963 utrum
684 3900 804 3982 epistota
809 3904 902 3984 Joda,
909 3925 945 3969 an
955 3884 1188 3967 iliaciuiordssri
1196 3898 1342 3957 Muttine.

1268 3996 1342 4039 tem·
