3617 4600
444 304 472 394 ᾗ,
525 342 531 356 r
981 307 1184 358 n

449 475 529 550 dure
544 471 641 574 igitur
655 484 781 570 prrter,
798 470 941 545 'alteram
962 472 1212 572 dogmaticam,
1237 471 1422 547 historicam
1435 471 1594 553 alteram,
1617 493 1672 544 ant
1697 471 1728 548 li

443 572 654 670 inscriptioni
670 565 1005 659 satisfacientium,
1030 576 1065 646 in
1077 573 1254 656 ¹historiam
1275 573 1457 669 generalem
1475 580 1511 645 er
1528 569 1726 670 specialem,

447 669 656 770 dispelcentla
671 672 747 755 erit,
762 691 844 769 quae
862 671 903 744 de
923 671 1018 744 malit
1034 667 1192 767 spiritibus
1215 670 1414 753 instituitur,
1438 663 1631 768 disputatio.
1682 675 1729 743 In

340 791 351 816 ·
444 791 513 870 tqna
527 771 561 843 id
572 771 722 866 inprimis
734 763 917 866 speciatum
931 771 1024 842 nobis
1041 765 1103 842 elle
1118 770 1370 847 contendimut.
1395 787 1430 846 tt
1449 765 1560 844 sanam
1574 765 1727 846 nolltam

447 879 483 946 dt
502 869 722 948 orthodoxam
744 868 930 940 dollrirtam
956 865 1155 948 afferamus,
1181 871 1401 942 recentiorum
1429 865 1727 942 adremonillarum

449 967 619 1044 sententies
649 963 880 1066 profligemue,
905 965 1004 1038 multa
1026 963 1298 1063 scripturaeloea
1327 966 1520 1040 illullremus‘
1537 972 1572 1040 in
1590 991 1729 1040 eorum·

449 1093 513 1165 que
531 1061 656 1139 senium
668 1067 888 1160 inquiramus,
910 1068 1053 1162 imperiti
1064 1066 1152 1165 vulgi
1170 1065 1366 1165 praeiudicia
1380 1069 1523 1164 grauiter
1537 1073 1573 1140 dt
1588 1063 1728 1138 cordate

446 1167 663 1263 ,perstringere
678 1171 714 1237 dc
732 1182 856 1236 mentes
874 1164 916 1236 ab
932 1163 1077 1242 inanibus
1094 1163 1364 1238 terriculamentis
1381 1187 1520 1238 auocare
1540 1164 1729 1244 valeamus,

450 1263 608 1338 librorum
623 1261 899 1356 lymbolieorum,
913 1287 1047 1362 preeunt
1060 1262 1243 1336 oollrarum
1260 1259 1490 1359 publicarum,
1502 1259 1731 1336 eccleliallica·

454 1385 553 1442 rum,
574 1361 797 1459 liturgicarum
814 1360 937 1448 fidem,
957 1362 1202 1442 auctoritatem,
1228 1361 1415 1455 dignitatem
1430 1361 1640 1436 vindicentur.
1683 1365 1728 1434 ln

454 1462 566 1532 medio
583 1464 681 1558 igitur
704 1459 965 1533 rutilianis-iuter
983 1455 1136 1544 dattrlrte
1150 1469 1186 1536 δι
1202 1457 1432 1554 superstitionis
1451 1459 1563 1547 deuia,
1577 1457 1728 1536 inceden-

453 1558 534 1632 dum
550 1561 644 1628 nobis
663 1561 744 1643 erit,
770 1564 804 1632 in
824 1583 891 1654 quo
909 1559 1041 1655 quidem
1054 1560 1168 1631 itinere
1198 1563 1259 1628 rire
1280 1551 1525 1653 persequendo,
1548 1583 1592 1628 ne
1607 1557 1669 1627 vlla
1684 1581 1729 1626 ex

454 1681 547 1757 parre
569 1646 792 1828 appetimur,
817 1652 986 1728 sandliotis
1005 1657 1141 1754 spirituc
1155 1654 1331 1738 auxilium,
1355 1657 1389 1724 in
1402 1681 1535 1727 onmem
1558 1647 1729 1729 viritatem

453 1775 522 1928 ¹¹⁰1}
531 1755 575 1827 du
613 1760 684 1836 uri,
707 1750 835 1830 efonte
854 1749 960 1830 salutis
982 1760 1018 1832 tt
1039 1758 1160 1856 gratiae
1188 1747 1398 1834 inexhausto,
1422 1758 1475 1854 pie
1493 1753 1625 1829 firbinde
1640 1751 1731 1826 deti·

448 1877 489 1927 un
513 1876 610 1930 imur.
870 1919 874 1926 .
977 1869 1006 1935 A
1138 1869 1145 1886 '
1269 1865 1275 1876 '

146 2225 151 2234 ι
228 2123 457 2212 Μθῑῑῑθῦῑῑῑῑῑῑ·1
557 2143 599 2230 Er
618 2162 654 2212 ea
675 2140 812 2237 quidem
832 2139 877 2210 ell
899 2122 980 2212 lraec
1001 2138 1171 2210 dodlritrae
1192 2136 1335 2210 caelellir
1359 2160 1457 2233 parc,
1480 2162 1518 2209 ur
1531 2139 1730 2210 momentum
1804 2132 1805 2157 ¹

450 2235 568 2311 habeat
582 2234 681 2331 longe
705 2239 903 2313 maximum.
938 2239 1028 2309 Nam
1046 2233 1230 2308 diuinarum
1249 2232 1346 2309 nobit
1368 2233 1578 2311 reuelatarum
1599 2233 1730 2330 dourr-

451 2358 569 2413 narum
583 2332 744 2411 ambitum
769 2337 812 2403 ita
830 2334 977 2426 perucdir
997 2380 1010 2415 ,
1036 2357 1072 2406 vr
1088 2357 1145 2429 per
1160 2334 1262 2405 uariat
1279 2335 1528 2437 crupeputrreloe
1547 2346 1582 2411 δι
1603 2336 1728 2405 vtttlttr.

475 2436 596 2505 ationet
612 2430 761 2511 lubmota
776 2432 837 2506 hac
849 2430 1026 2513 cautim.
1046 2432 1099 2513 vbi
1116 2446 1187 2503 tuto
1204 2431 1408 2508 confistatuut
1424 2438 1478 2509 vix
1497 2438 1631 2531 reperiri
1650 2458 1729 2530 por·

450 2460 492 2605 lit
512 2534 609 2603 ratio.
660 2533 844 2605 Otiavero
861 2533 894 2601 in
917 2531 967 2603 hit
994 2535 1167 2603 momentis
1195 2528 1390 2606 recensendit
1410 2534 1503 2607 nobis
1527 2530 1605 2609 fecit
1625 2532 1732 2629 louge.

449 2625 675 2701 iucundiffima
693 2622 916 2703 Reuerenditi.
936 2632 978 2703 D.
998 2632 1042 2707 D.
1058 2630 1180 2703 Furta
1198 2631 1232 2701 iu
1251 2630 1332 2727 disq·
1348 2634 1548 2719 academica,
1570 2658 1615 2705 att
1630 2636 1728 2703 adue·

449 2729 626 2821 mouffmus
646 2752 718 2801 com
731 2726 801 2824 fide
817 2728 865 2808 Εἴ
880 2729 1730 2827 pictatectrtsttanammtartpfft,Tub.176³.
1803 2775 1804 2778 π

450 2852 491 2901 ex
508 2850 593 2924 qua,
616 2826 710 2923 plene
723 2827 856 2924 quidem
875 2830 950 2903 heic
965 2827 1262 3001 inserenda,pauca
1274 2829 1491 2903 delibabituut.
1511 2829 1595 2903 lllud
1614 2832 1728 2901 omui·

449 2950 497 2998 no
517 2926 698 3001 maximum
718 2929 762 3001 ell
779 2934 814 3001 dr
834 2931 1070 3027 praecipuum,
1085 2952 1151 3026 quo

449 3025 543 3116 recle
559 3028 712 3123 cognitis,
732 3025 932 3099 liberationis
950 3051 968 3097 a
985 3025 1116 3099 Cltrillo
1127 3026 1221 3100 nobit
1236 3026 1404 3123 praellitae
1424 3025 1603 3126 amplitudo
1626 3034 1660 3099 δι
1675 3025 1728 3095 di·

445 3124 562 3220 guitar-
578 3120 801 3221 infringatur,
836 3130 871 3199 ot
894 3126 1009 3195 tutum
1036 3123 1082 3197 illi
1115 3126 1255 3219 pretium
1280 3123 1375 3221 plane
1397 3150 1465 3197 troo
1497 3124 1589 3199 llatui
1616 3120 1724 3223 pollit.

448 3221 737 3318 Quemadmodum
755 3226 845 3294 enirn
861 3226 1012 3314 gratiae,
1039 3246 1097 3319 per
1114 3222 1277 3296 Chrillum
1294 3242 1429 3321 partae,
1453 3218 1579 3297 summa
1592 3230 1658 3303 ris,
1672 3249 1727 3294 er-

448 3319 620 3404 cellentia,
646 3318 801 3415 potestas,
825 3319 996 3393 efficacitas
1014 3331 1049 3397 δι
1062 3320 1200 3395 remedii
1215 3321 1308 3393 huius
1327 3321 1583 3417 praeliantifftmi
1603 3318 1674 3393 ulus
1687 3344 1729 3393 ac

447 3416 585 3515 dignitas
608 3440 678 3489 nou
699 3416 813 3489 melius
835 3416 1024 3521 perspicitur
1038 3438 1135 3519 atque
1148 3405 1357 3518 intelligitur.
1379 3444 1477 3517 quam
1494 3425 1626 3519 cognito
1639 3422 1729 3493 redte

447 3522 483 3598 δι
510 3533 659 3589 accurate
685 3519 817 3595 morio.
844 3524 981 3614 quicum
1005 3516 1276 3594 coullidlabatnur
1290 3519 1433 3609 omnen,
1462 3523 1506 3593 ita
1529 3545 1587 3594 ner
1609 3518 1728 3593 iullurn

452 3614 660 3691 redemtionis
681 3613 721 3686 ab
736 3615 802 3693 hoc
817 3614 1035 3695 infeufillrmo
1052 3616 1146 3695 holle
1168 3620 1335 3715 pretium,
1359 3616 1416 3690 nifi
1437 3623 1565 3716 cognita
1582 3621 1672 3722 prius
1690 3618 1730 3685 it.

453 3711 519 3805 lius
540 3716 573 3783 ui
591 3721 627 3787 δι
640 3713 773 3807 mulitia,
788 3715 960 3791 llatuetttue
975 3738 1162 3820 umquam¹
1195 3711 1445 3791 Profundiffima
1462 3715 1519 3789 tut>
1534 3716 1730 3813 illiurimpe·

350 3888 353 3894 ,
454 3814 507 3913 pio
524 3811 694 3887 hominum
713 3808 841 3889 miseria
857 3818 963 3912 arguit
991 3819 1166 3915 ereptionis
1193 3815 1234 3887 ab
1249 3816 1342 3888 huius
1359 3816 1514 3889 tirannide
1532 3814 1730 3912 magnitudi-

453 3934 550 4000 nem,
573 3916 715 4010 gratiam
735 3930 831 4012 atque
854 3914 1089 4022 excellentiam·
1136 3920 1203 3992 l’ro
1223 3940 1288 3999 eo,
1313 3940 1349 3989 ac
1366 3920 1534 4017 potentior
1560 3916 1610 3991 vel
1624 3914 1731 4085 itplthbe·

453 4042 461 4061 .
1626 4039 1645 4088 c
1690 4036 1732 4085 or

1186 2924 1279 3001 holle
1296 2928 1363 3002 hoe
1382 2931 1511 3028 eiusque
1523 2928 1641 3001 viribus
1657 2952 1728 3001 non
