3617 4600
438 307 488 362 aa
738 329 741 336 -
1009 313 1207 343 --·····

1010 345 1206 363 a*

447 457 621 532 diatoriam
647 473 750 530 artem
764 454 882 528 detexit
903 453 1154 553 profligauitque
1168 457 1287 552 Magn.
1300 457 1367 528 Dn.
1381 454 1481 529 canc.
1504 463 1550 529 D.
1577 459 1676 530 Rota
1689 485 1706 530 a
1718 485 1739 528 s

451 555 521 634 dits.
540 561 593 630 tit.
641 557 729 654 Qnid
750 560 812 629 iam
827 554 869 626 de
888 553 937 624 his
960 555 1059 625 noiiri
1080 560 1233 652 temporie
1254 552 1469 652 φαινομένοις
1490 551 1736 630 sortiendum}

451 657 533 731 Non
560 649 688 756 possum
718 669 786 727 non
813 703 826 748 ,
850 656 927 752 quin
951 653 983 727 b.
1008 653 1298 725 Wnrttrnranr
1324 655 1444 725 iudicio
1464 652 1587 726 sincera
1611 672 1737 728 mente

452 779 616 854 manuque
636 749 852 828 subscribam:
877 799 904 832 ι,
920 751 1154 828 characterem
1174 751 1443 849 reprobationis,
1470 755 1661 850 inquientis,
1691 755 1736 824 in

451 903 480 936 „
504 852 614 926 fronte
633 873 775 951 gerunt,
795 853 898 949 quiin
916 869 1003 920 tanta
1023 849 1095 920 inte
1115 845 1379 948 seripturarum,
1405 845 1608 923 teodiuinae
1628 875 1739 922 reue·

452 971 481 1033 33
507 954 656 1032 lationis,
678 952 785 1024 noiira
802 967 903 1020 aetate
918 951 1216 1034 adremonienturn,
1237 945 1288 1020 seo
1304 951 1552 1046 abnegationem
1574 945 1735 1047 praesen·

450 1068 479 1135 „¹
505 1055 569 1123 tiae
585 1052 624 1125 Gt
641 1051 836 1148 operationis
858 1046 980 1120 hostilis
995 1042 1160 1118 maiorum
1174 1042 1340 1143 spirituum
1365 1052 1399 1118 in
1415 1047 1481 1118 hoo
1500 1049 1646 1134 mundo,
1666 1044 1734 1120 fo·

450 1192 480 1233 „
507 1169 609 1227 vere,
638 1146 838 1223 confirmare
855 1154 893 1220 δι
915 1147 1053 1217 maxime
1071 1167 1149 1216 eum
1170 1140 1374 1218 insultatione
1396 1140 1577 1220 &ferocia
1600 1143 1729 1220 desen·

451 1261 480 1332 ,3
506 1247 584 1321 dete
604 1247 734 1323 audent.
751 1258 780 1327 ,',
803 1240 877 1319 diff.
900 1244 1011 1317 Varia
1029 1240 1131 1337 'fitero
1158 1269 1194 1341 p.
1215 1265 1272 1318 et.
1301 1269 1335 1318 n.
1363 1249 1417 1325 r'e.
1466 1241 1559 1316 idem
1581 1247 1616 1316 in
1645 1241 1730 1321 diss.

444 1347 660 1446 priuilegium
678 1347 793 1442 popuii
810 1343 972 1440 christiani
984 1342 1032 1417 ΕΤ
1043 1344 1164 1412 iudeiri
1182 1347 1493 1438 contratatxatioates
1509 1344 1655 1417 Satantu
1671 1347 1729 1424 Εἴ

442 1448 593 1545 fideliam
610 1443 771 1538 aduersae
791 1441 1246 1516 tentamentorum
1270 1467 1301 1539 p.
1320 1459 1377 1517 at.
1390 1467 1425 1517 n.
1444 1467 1476 1523 e.
1528 1439 1555 1523 ,3
1578 1443 1645 1542 Qi
1659 1445 1731 1516 ho·

451 1593 479 1627 „
505 1543 672 1632 die‚inter
689 1565 739 1615 tot
758 1537 959 1618 monstrosos
979 1537 1078 1611 nostri
1101 1542 1258 1638 temporis
1269 1539 1504 1622 diaboiiamot',
1517 1537 1601 1612 serio
1616 1545 1727 1640 potest

449 1693 480 1726 0,
509 1633 573 1715 esse
591 1639 809 1736 adaenronisia
819 1685 833 1722 ,
854 1643 882 1712 ia
903 1636 1003 1711 nescit
1017 1641 1146 1719 adnue,
1171 1641 1263 1710 cuine
1281 1639 1404 1740 spiritua
1422 1638 1560 1714 sitfiiiue
1576 1647 1611 1713 δι
1626 1643 1725 1738 qood

447 1790 478 1824 0,
502 1739 594 1815 nosse
612 1741 776 1819 debebat,
800 1733 901 1812 er'affe
919 1741 1057 1836 ignorat.
1075 1785 1104 1816 .,
1151 1737 1275 1808 Similia
1290 1741 1342 1809 hie
1355 1742 1423 1809 iana
1438 1741 1473 1808 in
1486 1737 1606 1834 Institt.
1627 1741 1723 1814 tircot.

449 1867 485 1942 p.
499 1859 581 1921 4³³,
600 1839 715 1939 ephot.
735 1861 765 1919 ς.
785 1835 963 1910 docuerat:
987 1885 1015 1915 „
1023 1834 1113 1934 qood
1127 1834 1399 1929 adremonismus,
1407 1836 1517 1910 nosira
1528 1853 1638 1925 aetate,
1651 1840 1722 1911 siu·

447 1965 477 2022 5,
504 1935 744 2036 pendum‘adeo
759 1939 792 2008 in
811 1933 1161 2017 rnodttrn,·intraiuerit
1173 1939 1258 2006 inter
1279 1934 1493 2020 christianos,
1519 1934 1645 2033 iignum
1672 1939 1724 2010 esi
1798 1940 1799 1983 ³

449 2085 475 2122 ‚,
497 2035 674 2136 grauiffitni
695 2037 759 2108 Dei
777 2031 888 2107 iudicii
914 2037 948 2106 in
968 2035 1152 2110 hominen,
1178 2031 1213 2105 o
1235 2051 1399 2104 extremae
1429 2033 1550 2105 hornan
1574 2033 1723 2110 malitiae

449 2181 477 2217 „
500 2157 568 2204 non
585 2139 711 2208 minua,
727 2153 827 2227 qnam
843 2133 1085 2200 excaecationis.
1117 2130 1275 2198 noenta
1290 2135 1378 2201 enim
1392 2130 1436 2202 de
1451 2128 1722 2228 spiritibuaquae·

446 2281 477 2317 „
502 2235 549 2303 vis
566 2221 735 2327 sapientiae
753 2233 787 2299 ἀ
808 2225 973 2323 reiigionia
992 2222 1189 2323 praeiudieia
1205 2224 1314 2321 prose
1333 2227 1430 2304 habet
1448 2231 1569 2305 stantia,
1584 2221 1660 2328 eph*
1678 2241 1719 2310 6,

447 2382 478 2416 ,,
504 2333 582 2402 Huc
598 2329 738 2421 pertinet
755 2340 880 2394 tortura
897 2328 995 2395 totine
1017 2318 1124 2393 sacrae
1151 2321 1352 2422 scripturae,
1376 2327 1419 2401 ad
1438 2351 1538 2427 qnam
1554 2354 1723 2426 eoguntur

446 2482 477 2515 „
502 2446 561 2525 per
574 2420 664 2495 suam
677 2421 958 2507 increduiitatem,
983 2440 1109 2493 eertum
1129 2423 1249 2500 enim,
1273 2429 1429 2499 tutiorem
1452 2421 1518 2499 esse
1532 2424 1719 2504 sententiam

447 2582 476 2615 „
502 2520 758 2616 adfirmantam',
786 2538 1097 2617 quam'negantem.·
1170 2523 1281 2595 Nemo
1312 2547 1469 2625 amquam
1494 2524 1717 2607 illuminatur,

445 2678 476 2715 ‚,
502 2628 521 2717 (
533 2616 622 2695 sensu
649 2620 744 2691 huius
767 2623 855 2691 vocis
873 2642 947 2691 vete
966 2615 1226 2715 scripturario&
1252 2622 1476 2721 titeoiogico)
1500 2622 1718 2699 adremonisia

444 2779 474 2811 „
500 2720 593 2793 fuit:
617 2718 815 2817 patriarchae
837 2720 1001 2819 potine&
1015 2719 1163 2791 entioree
1177 2720 1273 2815 primi
1283 2718 1461 2816 systemati·
1473 2719 1716 2796 adaemonisiiei

445 2880 474 2911 „
501 2816 632 2893 fuerunt
646 2818 795 2891 homines
811 2814 1046 2917 suspefflffimi.
1065 2864 1094 2897 „
1143 2814 1216 2917 ipse
1239 2839 1324 2894 eerte
1345 2820 1503 2899 Diaboiaa
1521 2820 1719 2896 exfisientiae

445 2924 546 3003 suae,
571 2914 759 3017 praesentiae
773 2923 808 2991 tit
821 2920 1052 3016 operationem
1066 2915 1315 3013 abnegationem
1340 2945 1408 2994 non
1431 2919 1583 3009 inuidet,
1609 2923 1643 2992 in
1665 2923 1719 2995 hie

445 3020 583 3100 tenebris
596 3042 677 3117 opat
694 3024 782 3088 inum
799 3040 840 3087 eo
857 3011 980 3088 felicior
997 3012 1211 3116 perfesiurue.
1236 3022 1255 3111 (
1265 3021 1368 3115 Apoe.
1385 3020 1457 3091 isli⁴
1477 3022 1562 3110 re.)
1584 3020 1650 3108 Qui
1661 3046 1719 3093 te·

443 3148 483 3198 ro
502 3124 551 3207 is,
576 3120 637 3215 qni
651 3116 785 3189 verbum
807 3116 871 3184 Dei
887 3126 1041 3185 normam
1064 3111 1300 3189 credendorum
1319 3126 1353 3191 ἀ
1374 3116 1581 3216 agendorum
1598 3144 1718 3218 agnoe-

442 3218 506 3311 cit,
531 3210 715 3291 d'osiririarn
728 3214 771 3285 de
785 3234 888 3311 regno
905 3211 1152 3285 cacodaemonis
1167 3230 1238 3284 tuto
1251 3214 1344 3314 posse
1358 3213 1527 3312 negligi&
1540 3215 1714 3313 proscribi,

442 3318 508 3393 fine
526 3314 648 3386 stamma
665 3315 699 3380 in
717 3306 819 3407 ipstrrn
836 3304 915 3381 tltt'rd
935 3311 1072 3383 verbum
1091 3316 1307 3397 contumelia,
1333 3315 1397 3386 fine
1416 3310 1538 3386 summa
1553 3320 1586 3387 in
1609 3317 1712 3415 ipsam

442 3414 543 3493 iidem
558 3416 592 3483 &
611 3412 760 3507 pietatem
780 3409 920 3491 irrinria,
945 3407 1013 3483 fine
1028 3432 1180 3509 proterea
1199 3411 1422 3488 calumniandi
1443 3411 1577 3489 hbrdtne
1596 3424 1632 3491 δι
1650 3440 1712 3489 au-

444 3515 550 3595 dacia,
567 3506 744 3583 exisiitnate
758 3506 876 3611 poffit,
899 3508 1079 3610 phaenon
1097 3508 1207 3591 rideo,
