3617 4600
306 337 605 416 INLAPSU
632 335 715 412 ET
743 331 903 413 POST
925 340 1198 418 LAPSUM.
1336 348 1382 420 61

82 561 115 602 n
145 519 314 592 Trinitati
327 525 523 604 communie,
537 521 689 594 decentiie
703 518 767 592 Dei
782 515 958 610 conluuie,
981 517 1111 594 exeuliit
1125 513 1322 611 asystemete
1335 545 1389 594 re·
1411 559 1417 564 ·

42 623 45 628 ’
81 639 169 694 rum
185 623 280 693 hunc
299 619 518 698 rebellionum.
543 653 589 677 —·
613 655 659 682 -ι

700 829 731 928 s·
765 851 808 931 t·

196 1013 267 1085 His
283 1013 415 1114 quidem
429 1011 683 1114 generalioribus
700 1017 762 1086 rite
776 1013 945 1088 intelleslie
963 1021 998 1087 bt
1021 1001 1188 1110 expertis,
1215 1039 1281 1086 non
1296 1005 1603 1110 opuscorri'rmetur,

78 1112 159 1198 est,
190 1132 230 1182 vt
254 1115 391 1188 aliorum
407 1115 449 1188 de
473 1131 608 1211 peccato
628 1113 757 1185 Diaboli
780 1111 1010 1208 malorumque
1031 1114 1221 1208 angelornm
1244 1109 1382 1187 diuersas

80 1212 270 1284 sententiaa
289 1215 339 1286 vel
360 1211 601 1298 recenseamus,
627 1211 677 1288 vel
694 1210 919 1284 diiudieemus.
972 1219 1147 1308 Agercmus
1164 1217 1235 1284 beic
1252 1217 1383 1310 egregie

82 1315 212 1383 nobum
233 1337 250 1380 a
271 1317 303 1384 S.
322 1319 363 1388 R.
381 1317 423 1388 D.
441 1317 483 1387 D.
510 1311 541 1386 C
548 1336 669 1386 orrn
695 1315 729 1384 in
746 1305 817 1384 diss.
839 1315 880 1384 ll.
900 1310 1200 1406 bistorinsucciniin
1219 1316 1380 1411 dogmatis

79 1413 266 1510 theologici
283 1418 321 1483 de
334 1417 456 1512 angelis
471 1437 543 1512 pag.
561 1427 576 1486 8
598 1451 612 1472 ·
630 1436 690 1494 42.
743 1415 830 1483 Mira
846 1407 915 1482 sunt
929 1416 963 1483 br
978 1409 1104 1481 insueta
1117 1461 1131 1489 ‚
1156 1436 1238 1509 quae
1255 1433 1381 1509 patrum

34 1577 36 1582 .
82 1513 248 1608 plerique
262 1511 307 1583 ob
329 1512 458 1584 hebraei
480 1508 580 1584 sontis
597 1514 816 1608 ignorantiam
831 1512 1009 1582 commenti
1031 1504 1122 1598 sunt,
1146 1516 1179 1582 ἀ
1197 1509 1383 1584 tellimonio

78 1607 303 1688 inseruiunt.
328 1615 536 1709 quantumin
558 1610 705 1684 doilrina
721 1609 761 1682 de
776 1609 1003 1680 Daemonibua
1025 1613 1158 1704 ingenio
1179 1605 1380 1686 indulserint.

83 1706 249 1779 Condito
266 1711 418 1782 nimirum
440 1710 565 1780 mundo
580 1753 599 1789 ,=
617 1735 692 1794 curn
714 1727 838 1780 terrena
862 1715 894 1780 δι
918 1706 1068 1778 sideraad
1083 1702 1216 1802 frugum
1236 1734 1379 1802 prouen.

84 1827 163 1876 tum
187 1811 226 1878 ἁ
248 1825 436 1905 temporum
460 1807 688 1880 vieifficudinee
708 1808 860 1880 condita,
884 1807 1071 1876 hominibus
1087 1802 1262 1878 subiecisset
1272 1811 1379 1893 Deus,

85 1903 225 2000 angelis
239 1905 412 1978 bominum
430 1903 576 2001 ipsorum
591 1954 603 1992 ,
617 1925 807 2002 rerumque,
819 1891 902 1998 qua'e
916 1899 971 1975 sub
989 1903 1078 1973 eaelo
1097 1898 1194 1982 sunt,
1217 1929 1294 1976 cura
1315 1905 1381 1975 ees·

85 1999 145 2073 fit.
207 2003 251 2068 nt
270 2003 324 2082 hi,
344 2025 455 2072 amore
472 2001 952 2076 uiciimulicrum,llaeruones
965 2018 1195 2092 procrearunt,
1222 2002 1381 2072 &borni-
1422 2015 1426 2023 '

83 2105 179 2168 -nunr
194 2115 299 2192 genoe
317 2099 476 2200 reliquum
497 2101 643 2196 magiae,
671 2095 902 2196 suppliciorum
919 2095 1122 2193 aliorumque
1139 2097 1382 2170 terriculamen-

80 2215 212 2268 torum
234 2191 401 2275 fraudibus
421 2194 474 2268 sbi
494 2194 666 2278 subiecere,
718 2197 867 2294 Namque
884 2191 944 2292 ipsu
965 2195 1298 2290 concupiscentiarum
1313 2191 1379 2268 ser.
1503 2263 1506 2268 .

86 2301 122 2365 vi
148 2291 263 2369 effcsli
280 2299 517 2383 victimarum,
542 2293 798 2377 suffirnentorum
827 2312 923 2393 atque
945 2291 1136 2389 libaminum
1157 2295 1374 2394 indigueruntt

69 2390 307 2483 ,Vndeincer
327 2395 638 2484 mortales-caedes,
664 2394 763 2481 bella,
788 2394 969 2489 adulteria,
994 2384 1141 2467 libidines
1164 2401 1198 2469 ἀ
1216 2394 1300 2468 mala
1319 2395 1375 2469 tle·

87 2500 198 2589 nique
219 2498 330 2567 omnia
348 2491 562 2582 secutrsunt,
611 2496 685 2573 uotl
695 2493 901 2575 idololatriae
919 2518 957 2567 rc
986 2497 1156 2589 poetarum
1178 2500 1375 2569 commentia

88 2597 265 2689 originem
287 2592 388 2671 dedit.
438 2600 529 2673 Mire
544 2522 660 2669 inloc
683 2613 906 2666 commentum
922 2588 1108 2665 consensere
1130 2618 1282 2681 veteres,
1307 2600 1379 2670 Ire·
1478 2617 1481 2622 ’

88 2706 228 2771 καινὴ
255 2695 514 2795 Athenagoras,
547 2696 692 2769 Clemens
715 2696 962 2765 Alexandrinus
983 2746 994 2777 ,
1017 2692 1282 2773 Tertullianus)
1306 2698 1377 2787 Las

91 2792 268 2872 brutius,
292 2792 363 2877 alii,
387 2812 529 2887 quorum
548 2790 620 2864 loca
634 2793 705 2864 uid.
726 2796 759 2860 in
780 2784 851 2863 diff.
874 2792 917 2863 ll.
942 2792 995 2881 eit.
1017 2790 1047 2857 S.
1068 2792 1110 2861 R.
1133 2794 1165 2863 D
1192 2792 1376 2866 D.‘Cor⁴·

55 2902 64 2913 “
93 2906 186 2962 nne
213 2916 243 2987 p.
268 2906 283 2963 8
304 2892 340 2963 se.
393 2893 459 2963 Hic
477 2889 544 2989 ipse
566 2912 645 2963 vero
670 2914 763 2965 error
778 2889 964 2987 pudendam
988 2886 1086 2958 habet
1108 2894 1298 2985 originem,
1322 2896 1375 2961 nl·

88 2994 219 3061 mirum
249 2984 384 3061 crassam
411 2994 628 3088 ignorantiam
653 2991 716 3063 loci
738 2990 820 3063 Gen.
841 2992 898 3062 Vl.
923 3008 936 3053 1
958 3029 971 3046 ·
992 3011 1024 3067 4·
1051 2988 1105 3057 vbi
1124 2990 1223 3061 lxx.
1240 2988 1375 3084 angelon

90 3086 224 3161 habent.
273 3088 334 3161 Vel
351 3084 415 3186 ipse
438 3092 661 3175 Josarnus
688 3090 778 3163 illum
798 3086 884 3160 souir
906 3087 1019 3184 Antiq.
1044 3081 1118 3177 lud.
1143 3089 1181 3158 L.
1204 3089 1233 3161 1.
1254 3112 1285 3158 e.
1320 3087 1374 3167 re.

92 3184 187 3259 Lora
208 3208 337 3283 patrum
352 3190 481 3261 exhibet
506 3190 590 3260 Pur
602 3213 660 3260 nv
672 3217 684 3260 1
695 3210 717 3261 u
728 3214 750 3260 a·
771 3183 893 3262 Theol.
911 3186 1028 3282 dogm.
1042 3185 1087 3257 T.
1097 3188 1155 3259 lll.
1166 3186 1246 3292 sque.
1259 3182 1301 3255 de
1317 3208 1377 3255 an·

90 3282 749 3473 illinistis·clsslsllllll
766 3304 972 3459 §iiiiii
986 3278 1150 3456 lilii
1168 3302 1374 3479 {iiiiii}

91 3476 161 3554 iure
180 3470 314 3578 exploso
331 3502 525 3559 commento
545 3484 586 3557 de
603 3462 823 3559 Daemonibue
839 3481 962 3555 incubis
978 3486 1013 3555 δι
1027 3476 1194 3561 succublu,
1221 3503 1369 3581 quornm

92 3586 191 3653 etiam
208 3574 239 3651 b.
257 3579 510 3657 Buncrrrua
527 3586 729 3657 mentionem
747 3576 1028 3655 facerevidetutin
1042 3579 1241 3655 vexatissimo
1255 3581 1370 3655 lllolo·
1416 3578 1438 3623 '

89 3704 142 3759 00,
158 3691 175 3775 (
185 3704 194 3745 r
213 3684 348 3755 Cunlll.
361 3686 431 3775 ro.)
456 3708 603 3781 qucrnea
616 3702 751 3779 propter
764 3680 849 3755 male
860 3686 976 3776 excipit
991 3673 1109 3753 S.R.D.
1126 3682 1305 3756 Senum
1318 3702 1368 3752 un
1423 3724 1426 3729 -

90 3777 123 3844 in
146 3784 276 3875 paraph.
305 3784 346 3855 ad
369 3786 402 3857 h.
425 3784 444 3854 l.
474 3778 565 3858 cons.
603 3788 684 3855 Ver.
712 3784 919 3851 Erunart
947 3779 1083 3872 Netteste
1102 3782 1190 3852 Bibl.
1221 3780 1270 3857 T.
1291 3782 1316 3850 l.
1335 3804 1367 3877 p.

99 3877 205 3951 522s.
259 3876 327 3955 Nec
348 3907 450 3979 porro
473 3886 615 3983 primum
635 3876 765 3953 Diaboli
791 3892 961 3977 ¹peccatum
990 3882 1022 3945 in
1041 3872 1230 3948 seduliiune
1254 3895 1369 3973 proto·

1458 3344 1473 3385 ἱ

92 3970 271 4065 plastorum
291 3984 458 4065 constitit,
484 4010 560 4057 nam
584 3982 692 4091 ornnle
713 3979 768 4150 1qu
790 3980 911 4152 qragiea
933 3978 1064 4052 hisloria
1085 3979 1193 4079 arguit
1219 3969 1367 4047 seduno.

776 4088 779 4095 “
1042 4100 1049 4109 ·
1129 4088 1134 4095 '
1273 4090 1369 4153 rem,
