3617 4600
380 306 382 316 ·
528 230 922 389 ιιισοιιιιιιι(
1283 316 1353 383 „3
1430 378 1445 385 -
1560 224 1566 234 ’

77 456 290 549 pentecostali
307 456 472 549 delibuto,
499 460 607 529 minor
624 458 701 529 fides
722 514 728 532 .
753 458 863 531 minor
887 460 1086 542 audierim,
1121 476 1174 539 atti
1188 468 1357 539 meior'ad

79 555 210 623 iudaica
223 578 409 627 commenta
423 553 672 629 condescensut?
700 558 821 629 Nonne
836 582 875 629 ex
892 564 1061 632 communi
1085 565 1240 636 omniurn
1257 585 1351 637 vete·

78 673 159 718 rum
177 646 331 725 consensu
347 654 494 739 constat,
520 654 778 749 Iobennetnpost
794 655 1134 752 ceteroeeuangelisias
1147 660 1354 755 euangelium

81 745 256 842 scripsisse,
282 774 339 823 nee
355 768 439 847 quae
453 752 492 821 ab
512 750 578 820 aliia
595 754 705 821 diuina
723 752 786 825 fide
812 771 938 822 narrata
953 748 1073 838 essene,
1099 775 1242 849 repetere
1269 780 1354 853 opua
1410 789 1414 794 ·

79 842 254 923 babuisse,
282 852 425 943 inprimit
443 872 517 918 cum
535 870 597 941 pro
617 846 753 919 oonsilio
774 844 1021 921 suosermonum
1036 851 1155 921 Christi
1167 850 1347 944 pleniorem
1420 870 1425 873 '

79 958 196 1036 ageret
209 945 444 1035 explanatorem
463 964 557 1037 atque
576 950 782 1040 interpretem
804 1001 820 1034 ,ι
852 970 948 1045 quarn
972 954 1123 1042 opetum!
1146 944 1237 1041 cons.
1261 952 1347 1042 Juu.
1453 1017 1457 1026 ,

79 1042 119 1107 Μ
134 1068 144 1109 ι
157 1062 178 1109 ι.
191 1068 213 1109 ιι
226 1072 245 1113 ι
260 1047 280 1113 ἕ
289 1068 325 1113 ιι
339 1066 352 1111 s
377 1050 407 1115 E
411 1046 567 1139 inleitnng
580 1048 615 1114 ιἰι
638 1045 688 1112 die
698 1044 848 1139 gdttiieste
866 1046 1035 1141 Sebrifften
1053 1052 1105 1115 des
1128 1049 1177 1123 N.
1194 1046 1235 1117 T.
1247 1036 1348 1117 Ister

84 1138 185 1209 'lircil
198 1166 227 1235 p.
247 1164 336 1218 ¹²44
350 1184 365 1197 .
383 1160 482 1223 ¹297·
551 1140 753 1211 Cantilenam
775 1144 859 1213 banc
886 1145 926 1213 de
953 1146 1192 1232 daemoniacis,
1218 1140 1346 1243 irrepe-

80 1233 214 1323 reirotr,
241 1230 542 1325 ὃιιιιιοιιολιὶπιιοις
560 1234 646 1310 inter
661 1240 786 1311 nostros
808 1238 901 1313 inulti
927 1260 1151 1315 rennuerunt,
1183 1262 1218 1307 vr
1233 1264 1290 1336 per
1306 1242 1345 1311 il·

79 1334 131 1404 loe
152 1356 321 1429 aegrotos,
348 1342 536 1415 munirem,
552 1336 756 1433 epilepticos,
782 1332 926 1408 rabiosos
945 1334 1176 1432 ineelligerent.
1202 1334 1269 1415 tine
1285 1338 1346 1408 ali-

80 1452 151 1527 quo
177 1454 255 1504 vero
268 1442 302 1505 ot
318 1434 396 1505 reali
415 1433 537 1506 influxu
550 1432 671 1517 diaboii
686 1458 741 1503 aur
760 1434 956 1507 daemonum
969 1438 1002 1504 in
1026 1431 1170 1531 ipsorum
1187 1433 1336 1524 eorpora.

80 1532 134 1597 Sic
151 1530 319 1625 inprimis,
342 1532 413 1603 Cel.
424 1535 466 1603 D.
485 1533 721 1604 Tartareus
744 1526 835 1600 sentit
852 1539 882 1601 in
895 1533 948 1605 W
945 1544 1056 1600 deter-
1069 1534 1171 1603 Burs».
1187 1554 1217 1623 p·
1228 1526 1332 1607 toll]

78 1634 113 1695 dt
126 1630 163 1693 in
184 1627 405 1699 additamentis
428 1652 458 1721 p.
477 1636 508 1695 6.
521 1650 555 1708 γ.
572 1626 720 1722 befiffant
738 1627 941 1723 Beseffiner:
968 1633 1001 1699 dt
1016 1628 1151 1697 audior:
1184 1626 1224 1697 V
1222 1624 1332 1718 trsutst

76 1726 171 1793 einer
185 1724 356 1817 Bibiisrien
371 1730 531 1800 Daemon.
542 1722 767 1819 p.190.ff.ln
782 1722 909 1797 classem
922 1740 1130 1820 aegrotorum
1142 1718 1340 1797 reserridae·

76 1818 280 1902 utoniacoa‚¹
302 1846 369 1893 non
382 1844 538 1919 negatur,
562 1816 615 1889 sed
631 1820 671 1887 de
691 1820 849 1913 principio
867 1826 1058 1911 quaeritur,
1087 1820 1177 1916 quod
1199 1821 1338 1891 morbo't

74 1918 155 1988 illos
177 1916 339 1991 effecerit,
363 1936 441 1986 num
456 1914 576 1985 caussae
598 1915 755 1983 naturales
776 1915 849 1985 illud
869 1912 950 1991 sint,
977 1940 1108 1986 ancum
1130 1917 1190 1985 illia
1212 1913 1341 2011 spiritua

72 2014 218 2106 quidam
234 2014 420 2109 malignus,
449 2016 504 2109 qui
526 2016 655 2109 organis
680 2016 826 2105 corporis
845 2010 966 2101 aliquid
983 2014 1051 2081 vitii
1077 2012 1243 2087 intulerit,
1286 2012 1338 2085 vel
1461 2078 1467 2084 .
1541 2039 1556 2109 ῥ
1608 2038 1611 2044 ·

1545 2117 1553 2143 t

72 2112 163 2183 itlud
185 2116 277 2184 noxia
292 2108 344 2182 sue
365 2116 397 2181 vi
416 2110 667 2193 exacerbarent,
705 2134 780 2179 curn
804 2100 994 2199 μιθοδιιῶι
1015 2106 1248 2185 diabolicarum
1268 2107 1340 2203 spe-

74 2214 191 2282 eimen
210 2210 295 2282 haud
315 2208 441 2308 vulgare
464 2206 525 2296 fit,
549 2211 593 2277 vti
608 2209 641 2277 in
655 2208 846 2279 naturalibus
870 2206 978 2281 sludiir
991 2214 1026 2279 de
1041 2206 1263 2302 coplditatibue
1276 2206 1339 2277 bo·

76 2313 209 2382 minum
221 2307 253 2382 se
268 2306 481 2398 abscondere,
502 2307 668 2403 adeaaque
678 2310 882 2395 operationes
892 2304 1195 2379 suat&tenmtionet
1203 2328 1338 2404 actoru·

76 2408 247 2506 enodare,
271 2415 311 2479 ita
329 2402 385 2477 sub
406 2427 535 2482 naturae
556 2409 640 2474 uitiis
661 2399 839 2474 delitescere
858 2429 867 2475 e
904 2400 1022 2499 &ipse
1043 2402 1155 2506 locus.
1187 2425 1285 2497 quem
1301 2406 1337 2472 in

77 2504 255 2580 subsidium
277 2525 370 2580 vocat
385 2509 452 2580 Cel.
467 2505 504 2577 T
512 2517 730 2578 attenua,
759 2506 938 2574 contrarius
951 2505 1081 2599 potine,
1102 2523 1199 2596 quarn
1214 2502 1337 2583 amieut

74 2604 176 2698 ipsius
190 2605 360 2706 hypothesi
377 2607 519 2678 videtur:
545 2627 562 2673 a
576 2600 704 2694 reliquit
718 2603 805 2672 enim
825 2603 966 2676 morbis,
990 2596 1254 2693 aegritudinibus,
1268 2614 1338 2666 tor·

77 2708 220 2782 neentis,
247 2703 382 2798 flagellis
401 2703 636 2794 distinguuntur
658 2688 957 2782 δαιμονιζόμενοι,
982 2690 1198 2765 &discrimen
1214 2717 1254 2760 eo
1270 2715 1334 2784 no·

77 2802 207 2873 tabibus
222 2802 355 2896 adparet
369 2817 408 2867 eit
420 2798 556 2892 repetito
571 2789 706 2862 articulo
719 2790 772 2888 ιι),
799 2791 818 2878 (
828 2789 946 2859 Muttb.
957 2791 1010 2860 tv.
1030 2811 1085 2863 ιι.
1104 2787 1209 2856 Maro.
1230 2791 1257 2856 1.
1273 2805 1334 2866 24.

75 2901 143 2972 Vi.
158 2901 242 2988 ¹3.)
263 2907 296 2973 dr
309 2897 456 2969 omnium
472 2884 724 2965 euidentiffine,
748 2893 766 2976 (
775 2887 880 2956 Marc.
897 2887 992 2958 XVI.
1008 2905 1060 2964 ιτς
1076 2883 1159 2966 ιι.)
1181 2881 1234 2953 tbi
1248 2884 1334 2960 iuter
1402 2933 1408 2939 .

76 2995 167 3067 dona
195 2976 403 3078 miraculosa,
436 2985 640 3062 credentibus·
649 2981 820 3082 promissa,
846 2981 962 3056 eieflio
972 2981 1218 3052 daemoniorum
1230 2981 1335 3054 inno..

19 3154 24 3163 .
78 3097 168 3165 mine
185 3093 330 3176 Chrisli,
353 3101 389 3166 dt
412 3091 535 3182 aliquot
552 3085 763 3156 commatibus
784 3081 970 3163 interiediit,
995 3077 1111 3160 sanatio
1123 3091 1347 3170 aegrotorum.

77 3213 389 3269 commemorantur.
416 3184 564 3284 (Marah.
578 3183 664 3266 vili,
678 3187 836 3256 auMerc
858 3184 883 3251 1.
895 3200 953 3253 ιι.
964 3179 1006 3251 ν.
1016 3199 1047 3244 ι.
1059 3174 1140 3263 Lue.
1155 3174 1242 3244 vrit
1253 3192 1284 3248 3.
1297 3178 1334 3250 6,

75 3295 197 3366 Matth.
210 3293 262 3364 IX.
277 3311 333 3368 aa:
343 3293 413 3362 xit.
427 3291 511 3376 22.)
537 3325 584 3344 -
610 3286 853 3356 Maniaeotum,
863 3275 1109 3374 epilepticorum
1117 3265 1333 3362 sytnptomata

77 3397 111 3460 in
131 3391 350 3464 daemoniacis
371 3375 570 3484 adparuisse»
608 3379 732 3450 nullum
751 3377 794 3449 eli
813 3375 979 3450 dubium,
1006 3367 1061 3444 sed
1076 3369 1223 3439 recurrit
1240 3371 1332 3464 prior

76 3491 236 3590 quaeslio,
261 3507 435 3580 aquooant
450 3473 673 3580 principioisla
695 3473 868 3547 detinenda
882 3471 968 3546 tine,
995 3493 1072 3542 nuru
1081 3466 1147 3580 Cel.
1160 3465 1253 3536 Tru
1263 3489 1333 3536 ua-¹

77 3609 121 3656 nt
149 3589 351 3677 aliorumque
370 3579 553 3670 assertioni,
576 3572 768 3645 naturalibus
785 3593 821 3640 ea
839 3566 949 3640 caussae
964 3568 1142 3641 tribuenn,
1181 3566 1333 3652 maiorem
1402 3624 1405 3630 .

77 3683 274 3779 potiorstdet
289 3681 434 3753 habenda
454 3672 517 3774 sn,
543 3697 638 3771 quant
650 3669 737 3743 claro
752 3679 786 3743 de
800 3660 944 3762 expresso
951 3661 1335 3753 tettimooioscnprune,

76 3769 592 3877 apotolorum,e‹'Chrittttpfius,
609 3767 763 3868 spiritibus
773 3769 908 3864 impuris
918 3786 953 3833 ea
963 3761 1073 3832 omnia
1081 3755 1335 3852 indignantium„

77 3882 117 3989 ξι
139 3875 662 4040 quidsbibolunteatessimoniab
687 3866 844 4031 inquibus
861 3861 951 3961 plura
960 3849 1335 4048 daemoniainbaebgtrptp:
