3617 4600
295 477 298 483 ·
423 455 510 512 ,non
532 453 673 510 ornnes,
699 441 781 502 certe
797 424 961 513 multone
980 427 1204 502 Daemonibuc
1228 448 1368 524 corpora
1391 427 1605 502 incolentibus
1626 429 1720 504 'deri-

419 529 548 622 ’.Μὴ
572 554 655 628 quos
679 523 744 625 ipse
762 534 797 602 δι
815 521 1246 622 discipuli-incantationibus
1271 531 1475 608 curaue'rintr
1501 535 1720 628 &quantum

444 631 674 715 Platoniitnus,
690 629 779 698 cuius
799 625 914 698 audior
928 649 968 698 ex
983 623 1033 696 his
1048 623 1122 724 ipsit
1143 622 1288 696 fontibus
1301 629 1438 710 maxime
1458 621 1580 723 sapuit,
1607 651 1720 702 veram

366 807 369 812 ,
444 725 485 804 de
505 726 725 822 Daemonibns
741 724 923 797 dositinatn
939 727 973 795 in
995 720 1127 810 ecclelia
1146 725 1356 818 peruertetit,
1383 727 1416 794 in
1438 735 1549 821 aprico
1570 727 1627 800 ell.
1675 730 1723 800 Et

445 829 525 923 qnid
538 822 655 924 quaeso
670 821 880 898 uniuersaletn
890 820 978 894 illatn
991 817 1226 920 mrsutfionctn
1238 821 1281 894 de
1290 822 1363 892 Deo
1376 821 1465 894 bono
1478 831 1512 898 dt
1527 825 1615 896 malo
1628 823 1720 920 tpttd

428 931 590 1025 ¹ivitgoe,
615 921 749 1004 Persae,
774 917 985 1001 Chaldaeos,
1009 921 1188 1018 Aegyptios
1206 921 1311 1015 tnagis
1325 925 1480 1018 peperit,
1527 923 1583 994 uid
1611 925 1722 996 Mani·
1760 981 1764 984 .

425 1019 600 1109 ,charismi
620 1037 692 1092 ante
715 1023 910 1118 Manetem,
934 1041 1050 1092 ornnes
1078 1035 1176 1090 terrea
1202 1017 1244 1090 td
1272 1035 1382 1089 ortum
1402 1013 1478 1092 solis
1503 950 1579 1090 letae
1604 1045 1723 1117 perua-

447 1123 571 1210 dentis,
595 1113 699 1192 euulsa
715 1120 846 1201 etliitit,
893 1142 966 1190 narn
988 1116 1162 1214 deprauata
1177 1114 1228 1186 illa
1245 1114 1288 1188 de
1309 1118 1441 1188 auctore
1461 1117 1541 1190 tnali
1563 1122 1722 1193 traditio?

447 1220 528 1319 quid
548 1222 652 1318 potius
671 1221 767 1290 totius
784 1143 1006 1314 phisolophiae
1022 1210 1186 1288 orientalis
1202 1212 1333 1308 sylletm
1356 1219 1614 1312 coagmentauit,
1628 1222 1721 1289 cuins

449 1323 590 1391 mixtura
605 1339 681 1387 curn
691 1313 1031 1388 dodlrinaecltrililanae
1040 1311 1198 1410 capitibus
1209 1309 1410 1408 Gnostiosmi
1419 1308 1580 1388 infelicem
1589 1332 1721 1410 parturn

361 1483 367 1489 .
449 1420 581 1512 genuit,
605 1421 640 1486 δι
656 1415 744 1485 cuine
758 1409 903 1504 denariis
912 1417 1062 1486 Aeonum
1071 1411 1324 1483 emanationibus
1334 1407 1498 1508 disciplina
1511 1409 1636 1484 nonnis
1647 1437 1734 1508 per..

448 1510 538 1585 uersa
554 1515 663 1584 nititur
682 1509 723 1584 de
745 1511 867 1608 angelis
881 1508 1142 1606 bonistnalitque
1158 1506 1361 1582 traditione?
1385 1534 1434 1581 res
1454 1506 1520 1608 ipsa
1544 1512 1721 1606 quomodo

447 1609 632 1690 acciderit,
658 1609 845 1682 consessura
871 1605 967 1680 facile
986 1603 1104 1702 assequi
1124 1599 1304 1703 possumus.
1354 1606 1720 1703 Postquam‘nitnirum

448 1701 666 1808 patiiarcltte,
691 1711 812 1804 quique
830 1699 893 1778 hos
907 1701 1040 1778 insecuti
1057 1721 1168 1784 etant,
1193 1721 1335 1777 aetatum
1355 1698 1533 1800 priscarum
1550 1708 1720 1794 homines,

127 1819 133 1829 '
255 1894 261 1904 .
302 1811 307 1820 '
448 1809 505 1904 qui
522 1829 639 1904 magne
656 1811 719 1881 Dei
737 1827 860 1900 opera,
888 1802 1083 1890 benefadla,
1103 1825 1252 1897 poenas,
1274 1817 1441 1900 praecepta
1457 1809 1492 1878 dt
1516 1800 1722 1901 promissa&

347 1947 352 1958 ·
448 1909 601 1978 vaticinia
622 1929 680 2002 pet·
698 1923 815 1976 ornnes
830 1927 940 1974 terutn
954 1897 1080 1980 classes,
1107 1898 1158 1972 vel
1175 1893 1240 1972 suis
1260 1902 1407 1974 viderant
1422 1899 1522 1972 oeulis
1542 1901 1722 1998 audituque

446 2000 576 2094 infimo
593 2025 804 2102 acceperant,
829 1999 879 2070 vel
900 2024 959 2096 per
973 2000 1182 2069 traditionem
1202 1996 1405 2098 fidissimam·
1417 1995 1457 2066 ad
1476 1993 1543 2069 sese
1560 2001 1721 2087 derivata,

449 2099 517 2172 fide
537 2127 603 2170 non
626 2095 756 2170 minore
776 2093 1042 2165 conserusuerant
1059 2140 1073 2168 ,
1098 2091 1245 2160 deluntii
1265 2100 1333 2164 iam
1355 2089 1479 2180 essent,
1497 2117 1600 2164 nouae
1621 2095 1723 2188 plane

395 2221 398 2226 ·
448 2197 689 2292 generationes,
703 2213 812 2263 rerunt
827 2196 1113 2284 praeteritarum&
1127 2190 1329 2279 antiquarum
1346 2213 1412 2260 non
1434 2214 1536 2292 aeque
1552 2189 1723 2282 consciae,

448 2291 614 2377 ueletiam
639 2289 771 2387 propria
795 2277 961 2381 sesculpa
984 2289 1127 2381 ignarae,
1137 2279 1349 2363 surrexerunt.
1398 2289 1471 2361 Hae
1490 2293 1627 2361 veritatis
1649 2292 1726 2363 reli·
1793 2292 1795 2402 l

448 2393 542 2487 quine
556 2396 588 2459 dt
613 2380 799 2459 scintillulae
820 2378 1095 2475 supetllitet,cum
1115 2381 1339 2457 additamentis
1360 2389 1482 2481 ingenii
1499 2390 1654 2473 hnmani,
1680 2395 1721 2469 δι
1793 2417 1794 2460 t

449 2486 631 2571 luxuriantis
642 2476 822 2579 phantasiae
834 2478 1009 2573 figmentis,
1021 2485 1153 2572 mixtae,
1168 2480 1331 2577 religionis
1337 2482 1516 2578 priscorum
1533 2504 1721 2585 temporum
1793 2531 1794 2544 ι

449 2584 770 2684 partcmtnaximont
785 2578 989 2651 constituunt.
1039 2576 1106 2651 Etst
1123 2582 1213 2651 enirn
1229 2585 1317 2653 Deus
1330 2580 1413 2668 illis,
1437 2585 1722 2680 quemadmodum

449 2682 604 2757 omniurn
625 2700 813 2776 temporum
840 2678 1056 2757 horninibus,
1079 2680 1191 2771 quiin
1214 2672 1286 2775 ipso
1307 2680 1480 2766 viuebant,
1506 2686 1724 2763 mouebantur

450 2788 486 2857 dt
504 2802 613 2865 erant,
639 2774 834 2875 palpandum
863 2775 925 2851 sese
947 2768 1124 2864 offerebat,
1149 2800 1217 2849 non
1235 2794 1344 2847 tamen
1361 2774 1468 2874 lplum
1487 2790 1521 2853 &
1539 2806 1589 2853 ret
1605 2786 1647 2855 ab
1662 2788 1721 2861 illo

450 2875 640 2979 professas,
660 2877 874 2977 quaerebant,
898 2869 959 2948 sed
979 2871 1048 2947 snae
1068 2870 1340 2971 ab.ingenio-suo
1363 2888 1398 2952 dt
1419 2881 1666 2975 imaginationis
1689 2890 1721 2958 vi

450 2977 759 3077 praescriptornm,
784 2997 861 3073 quas
885 2987 1049 3061 tererent,
1076 2969 1133 3044 stbi
1156 2970 1337 3069 eligebant,
1363 2983 1398 3049 dt
1418 3000 1494 3049 enm
1520 2981 1554 3047 in
1577 2972 1723 3056 suaemet

298 3098 314 3119 '⁸
353 3076 359 3085 ’
447 3074 593 3175 ipsorum
614 3078 747 3149 rationis
765 3079 816 3158 si,
841 3068 884 3143 de
898 3069 995 3167 ipstnt
1019 3073 1208 3167 impotentia
1226 3078 1261 3144 dt
1281 3074 1373 3145 toties
1385 3069 1535 3145 frustrata
1562 3074 1605 3149 rb
1628 3086 1724 3153 omni

449 3180 563 3250 erroris
580 3174 723 3272 periculo
746 3162 1253 3259 imtnunirate,eumntonefedli‚
1272 3194 1339 3241 non
1359 3170 1727 3265 confiderent,diuinee

305 3334 311 3341 .
448 3272 653 3345 reuelrtionis
671 3272 863 3355 annones,
885 3283 918 3338 vt
940 3267 1124 3348 accederet,
1135 3260 1258 3339 neeesse
1272 3285 1358 3353 erat,
1370 3282 1467 3365 qnam
1483 3278 1598 3367 quovit
1615 3277 1722 3349 modo

449 3368 494 3443 fin
520 3393 573 3442 ete
590 3372 623 3441 dt
642 3372 708 3439 veri
726 3364 829 3465 aliqua
850 3362 868 3435 s
882 3367 950 3437 ecie
969 3372 1004 3440 dt
1020 3362 1227 3441 smilitudloe
1242 3388 1359 3439 ornare
1381 3364 1610 3448 allaborarent.
1633 3379 1723 3451 Hine

372 3540 375 3545 ,
448 3396 535 3541 nula
558 3488 715 3561 vmquttn
740 3466 830 3537 natio
849 3389 990 3535 dstote
1009 3466 1105 3554 vixit,
1129 3488 1209 3559 quae
1223 3460 1414 3557 religionem
1432 3490 1522 3541 mere
1541 3474 1724 3551 naturalem

450 3560 616 3655 statuisset,
641 3588 700 3637 nec
718 3560 825 3635 diuina
847 3560 1047 3637 reuelatione
1066 3556 1238 3637 innotuisse
1260 3560 1319 3635 stbi
1341 3560 1482 3659 persuasa
1503 3560 1617 3641 suillet.
1642 3576 1723 3649 ttae

450 3664 590 3739 omnino
605 3680 768 3760 prtetextu
781 3661 915 3760 gratiam
923 3709 937 3743 ,
946 3652 1071 3761 suisque
1089 3664 1224 3737 inuentis
1239 3663 1476 3749 seueritatem,
1483 3666 1569 3760 apud
1591 3667 1722 3765 plebem

445 3763 629 3857 imperinm
651 3758 826 3833 conciliare
841 3776 1000 3833 tentarunt
1018 3786 1086 3835 non
1100 3758 1296 3860 legislatores
1313 3781 1467 3849 tantum,
1478 3758 1535 3836 sed
1553 3773 1588 3840 dt
1602 3772 1646 3855 ii,
1660 3772 1720 3867 qui

443 3858 618 3958 religionis.
628 3852 854 3940 utfotmundae
872 3859 1080 3959 proufutcintn
1092 3856 1151 3938 libi
1165 3852 1327 3953 sumsere,
1346 3854 1547 3947 sacerdotes,
1570 3867 1725 3966 quiden.

1670 3971 1724 4065 gis
