<?xml version="1.0" encoding="UTF-8"?>
<!DOCTYPE html PUBLIC "-//W3C//DTD XHTML 1.0 Transitional//EN"
    "http://www.w3.org/TR/xhtml1/DTD/xhtml1-transitional.dtd">
<html xmlns="http://www.w3.org/1999/xhtml" xml:lang="en" lang="en">
 <head>
  <title>
</title>
<meta http-equiv="Content-Type" content="text/html;charset=utf-8" />
  <meta name='ocr-system' content='tesseract 3.04.00' />
  <meta name='ocr-capabilities' content='ocr_page ocr_carea ocr_par ocr_line ocrx_word'/>
</head>
<body>
  <div class='ocr_page' id='page_1' title='image "./historiadiaboli00mayegoog_0066.png"; bbox 0 0 3617 4600; ppageno 0'>
   <div class='ocr_carea' id='block_1_1' title="bbox 448 219 1791 382">
    <p class='ocr_par' dir='ltr' id='par_1_1' title="bbox 448 219 1791 382">
     <span class='ocr_line' id='line_1_1' title="bbox 448 219 1791 382; baseline -0.007 -24"><span class='ocrx_word' id='word_1_1' title='bbox 448 287 498 382; x_wconf 76' lang='lat'>5⁶</span> <span class='ocrx_word' id='word_1_2' title='bbox 563 275 606 354; x_wconf 83' lang='lat' dir='ltr'>e.</span> <span class='ocrx_word' id='word_1_3' title='bbox 635 271 691 354; x_wconf 71' lang='grc' dir='ltr'>ιι</span> <span class='ocrx_word' id='word_1_4' title='bbox 745 277 821 352; x_wconf 78' lang='lat' dir='ltr'>uu</span> <span class='ocrx_word' id='word_1_5' title='bbox 843 275 1021 354; x_wconf 72' lang='lat' dir='ltr'>oraru</span> <span class='ocrx_word' id='word_1_6' title='bbox 1042 255 1262 354; x_wconf 67' lang='lat' dir='ltr'>otauout</span> <span class='ocrx_word' id='word_1_7' title='bbox 1281 276 1430 352; x_wconf 69' lang='lat' dir='ltr'>Auru</span> <span class='ocrx_word' id='word_1_8' title='bbox 1448 219 1688 366; x_wconf 69' lang='lat' dir='ltr'>aaaron,</span> <span class='ocrx_word' id='word_1_9' title='bbox 1790 320 1791 323; x_wconf 15' lang='grc' dir='ltr'><strong>κ</strong></span> 
     </span>
    </p>
   </div>
   <div class='ocr_carea' id='block_1_2' title="bbox 303 455 1765 4027">
    <p class='ocr_par' dir='ltr' id='par_1_2' title="bbox 444 455 1740 2437">
     <span class='ocr_line' id='line_1_2' title="bbox 452 455 1738 556; baseline -0.001 -24"><span class='ocrx_word' id='word_1_10' title='bbox 452 481 569 540; x_wconf 79' lang='lat' dir='ltr'>ratur,</span> <span class='ocrx_word' id='word_1_11' title='bbox 596 457 677 533; x_wconf 85' lang='lat' dir='ltr'>fidet</span> <span class='ocrx_word' id='word_1_12' title='bbox 699 463 791 532; x_wconf 76' lang='lat' dir='ltr'>variis</span> <span class='ocrx_word' id='word_1_13' title='bbox 812 458 1041 532; x_wconf 80' lang='lat' dir='ltr'>tentaminibut</span> <span class='ocrx_word' id='word_1_14' title='bbox 1059 455 1223 554; x_wconf 84' lang='lat' dir='ltr'>explorata</span> <span class='ocrx_word' id='word_1_15' title='bbox 1243 475 1499 529; x_wconf 74' lang='lat' dir='ltr'>remunerantur.</span> <span class='ocrx_word' id='word_1_16' title='bbox 1549 462 1651 548; x_wconf 80' lang='lat' dir='ltr'>Quae</span> <span class='ocrx_word' id='word_1_17' title='bbox 1670 459 1738 556; x_wconf 77' lang='lat' dir='ltr'>ipsa</span> 
     </span>
     <span class='ocr_line' id='line_1_3' title="bbox 450 551 1740 659; baseline -0.002 -27"><span class='ocrx_word' id='word_1_18' title='bbox 450 561 553 638; x_wconf 84' lang='lat' dir='ltr'>ratio,</span> <span class='ocrx_word' id='word_1_19' title='bbox 566 583 628 632; x_wconf 87' lang='lat' dir='ltr'>cur</span> <span class='ocrx_word' id='word_1_20' title='bbox 649 557 787 659; x_wconf 80' lang='lat' dir='ltr'>lingulos</span> <span class='ocrx_word' id='word_1_21' title='bbox 811 557 1000 655; x_wconf 86' lang='lat' dir='ltr'>angelorum</span> <span class='ocrx_word' id='word_1_22' title='bbox 1019 557 1151 629; x_wconf 86' lang='lat' dir='ltr'>ordiner</span> <span class='ocrx_word' id='word_1_23' title='bbox 1176 554 1268 628; x_wconf 87' lang='lat' dir='ltr'>llatui</span> <span class='ocrx_word' id='word_1_24' title='bbox 1287 551 1417 628; x_wconf 87' lang='lat' dir='ltr'>cuidam</span> <span class='ocrx_word' id='word_1_25' title='bbox 1435 558 1640 650; x_wconf 83' lang='lat' dir='ltr'>probationis</span> <span class='ocrx_word' id='word_1_26' title='bbox 1668 557 1740 630; x_wconf 87' lang='lat' dir='ltr'>sub·</span> 
     </span>
     <span class='ocr_line' id='line_1_4' title="bbox 449 651 1738 756; baseline -0.003 -26"><span class='ocrx_word' id='word_1_27' title='bbox 449 661 562 730; x_wconf 84' lang='lat' dir='ltr'>iecerit</span> <span class='ocrx_word' id='word_1_28' title='bbox 577 651 694 741; x_wconf 81' lang='lat' dir='ltr'>Deua,</span> <span class='ocrx_word' id='word_1_29' title='bbox 720 653 793 730; x_wconf 86' lang='lat' dir='ltr'>satir</span> <span class='ocrx_word' id='word_1_30' title='bbox 813 675 924 756; x_wconf 85' lang='lat' dir='ltr'>aperte</span> <span class='ocrx_word' id='word_1_31' title='bbox 938 654 1091 730; x_wconf 85' lang='lat' dir='ltr'>oilendit.</span> <span class='ocrx_word' id='word_1_32' title='bbox 1143 655 1206 727; x_wconf 89' lang='lat' dir='ltr'>Vbi</span> <span class='ocrx_word' id='word_1_33' title='bbox 1222 658 1310 727; x_wconf 88' lang='lat' dir='ltr'>enim</span> <span class='ocrx_word' id='word_1_34' title='bbox 1338 651 1545 752; x_wconf 72' lang='lat' dir='ltr'>intelligentia</span> <span class='ocrx_word' id='word_1_35' title='bbox 1562 657 1608 726; x_wconf 88' lang='lat' dir='ltr'>eli</span> <span class='ocrx_word' id='word_1_36' title='bbox 1633 667 1674 730; x_wconf 88' lang='lat'>&amp;</span> <span class='ocrx_word' id='word_1_37' title='bbox 1703 656 1738 726; x_wconf 89' lang='lat' dir='ltr'>li·</span> 
     </span>
     <span class='ocr_line' id='line_1_5' title="bbox 448 751 1736 853; baseline -0.002 -26"><span class='ocrx_word' id='word_1_38' title='bbox 448 751 585 852; x_wconf 69' lang='lat' dir='ltr'>bertar,</span> <span class='ocrx_word' id='word_1_39' title='bbox 610 763 737 831; x_wconf 85' lang='lat' dir='ltr'>animae</span> <span class='ocrx_word' id='word_1_40' title='bbox 760 755 887 832; x_wconf 88' lang='lat' dir='ltr'>donum</span> <span class='ocrx_word' id='word_1_41' title='bbox 915 751 1238 833; x_wconf 77' lang='lat' dir='ltr'>excellentillrmunt,</span> <span class='ocrx_word' id='word_1_42' title='bbox 1262 751 1332 826; x_wconf 83' lang='lat' dir='ltr'>fine</span> <span class='ocrx_word' id='word_1_43' title='bbox 1352 775 1420 846; x_wconf 92' lang='lat' dir='ltr'>quo</span> <span class='ocrx_word' id='word_1_44' title='bbox 1434 759 1553 827; x_wconf 76' lang='lat' dir='ltr'>truncis</span> <span class='ocrx_word' id='word_1_45' title='bbox 1568 762 1603 826; x_wconf 84' lang='lat' dir='ltr'>dt</span> <span class='ocrx_word' id='word_1_46' title='bbox 1618 759 1736 853; x_wconf 83' lang='lat' dir='ltr'>stipiti·</span> 
     </span>
     <span class='ocr_line' id='line_1_6' title="bbox 447 850 1735 953; baseline -0.004 -23"><span class='ocrx_word' id='word_1_47' title='bbox 447 855 508 930; x_wconf 82' lang='lat' dir='ltr'>bur</span> <span class='ocrx_word' id='word_1_48' title='bbox 528 852 779 930; x_wconf 85' lang='lat' dir='ltr'>affimilarentur</span> <span class='ocrx_word' id='word_1_49' title='bbox 801 850 958 952; x_wconf 83' lang='lat' dir='ltr'>spiritua,</span> <span class='ocrx_word' id='word_1_50' title='bbox 983 854 1029 925; x_wconf 88' lang='lat' dir='ltr'>ibi</span> <span class='ocrx_word' id='word_1_51' title='bbox 1045 855 1234 926; x_wconf 83' lang='lat' dir='ltr'>exercitium</span> <span class='ocrx_word' id='word_1_52' title='bbox 1269 853 1362 924; x_wconf 81' lang='lat' dir='ltr'>huius</span> <span class='ocrx_word' id='word_1_53' title='bbox 1389 852 1514 936; x_wconf 64' lang='lat' dir='ltr'>virtutis</span> <span class='ocrx_word' id='word_1_54' title='bbox 1535 851 1602 929; x_wconf 85' lang='lat' dir='ltr'>fit,</span> <span class='ocrx_word' id='word_1_55' title='bbox 1630 880 1735 953; x_wconf 84' lang='lat' dir='ltr'>opot-</span> 
     </span>
     <span class='ocr_line' id='line_1_7' title="bbox 446 937 1734 1056; baseline 0 -30"><span class='ocrx_word' id='word_1_56' title='bbox 446 973 518 1033; x_wconf 77' lang='lat' dir='ltr'>tet‚</span> <span class='ocrx_word' id='word_1_57' title='bbox 546 982 606 1028; x_wconf 90' lang='lat' dir='ltr'>nec</span> <span class='ocrx_word' id='word_1_58' title='bbox 632 957 802 1056; x_wconf 84' lang='lat' dir='ltr'>gloriam,</span> <span class='ocrx_word' id='word_1_59' title='bbox 829 978 888 1024; x_wconf 90' lang='lat' dir='ltr'>nec</span> <span class='ocrx_word' id='word_1_60' title='bbox 914 948 1067 1030; x_wconf 74' lang='lat' dir='ltr'>laudern,</span> <span class='ocrx_word' id='word_1_61' title='bbox 1090 977 1149 1025; x_wconf 91' lang='lat' dir='ltr'>nec</span> <span class='ocrx_word' id='word_1_62' title='bbox 1169 937 1386 1027; x_wconf 68' lang='lat' dir='ltr'>fidelitatem,</span> <span class='ocrx_word' id='word_1_63' title='bbox 1411 973 1470 1022; x_wconf 85' lang='lat' dir='ltr'>nec</span> <span class='ocrx_word' id='word_1_64' title='bbox 1494 975 1674 1032; x_wconf 79' lang='lat' dir='ltr'>amorem,</span> <span class='ocrx_word' id='word_1_65' title='bbox 1703 956 1734 1026; x_wconf 83' lang='lat' dir='ltr'>vi</span> 
     </span>
     <span class='ocr_line' id='line_1_8' title="bbox 447 1047 1733 1156; baseline -0.002 -33"><span class='ocrx_word' id='word_1_66' title='bbox 447 1069 643 1148; x_wconf 74' lang='lat' dir='ltr'>extortum,</span> <span class='ocrx_word' id='word_1_67' title='bbox 675 1050 731 1126; x_wconf 83' lang='lat' dir='ltr'>sed</span> <span class='ocrx_word' id='word_1_68' title='bbox 758 1048 933 1156; x_wconf 87' lang='lat' dir='ltr'>spontanea</span> <span class='ocrx_word' id='word_1_69' title='bbox 967 1059 1003 1126; x_wconf 77' lang='grc' dir='ltr'>δι</span> <span class='ocrx_word' id='word_1_70' title='bbox 1030 1050 1196 1151; x_wconf 86' lang='lat' dir='ltr'>liberrima</span> <span class='ocrx_word' id='word_1_71' title='bbox 1221 1047 1386 1121; x_wconf 88' lang='lat' dir='ltr'>uoluntate</span> <span class='ocrx_word' id='word_1_72' title='bbox 1418 1047 1566 1124; x_wconf 87' lang='lat' dir='ltr'>oblatum</span> <span class='ocrx_word' id='word_1_73' title='bbox 1588 1107 1604 1131; x_wconf 74' lang='lat'><em>,</em></span> <span class='ocrx_word' id='word_1_74' title='bbox 1643 1072 1733 1126; x_wconf 85' lang='lat' dir='ltr'>amat</span> 
     </span>
     <span class='ocr_line' id='line_1_9' title="bbox 444 1149 1734 1250; baseline -0.001 -29"><span class='ocrx_word' id='word_1_75' title='bbox 444 1153 549 1248; x_wconf 76' lang='lat' dir='ltr'>Deua.</span> <span class='ocrx_word' id='word_1_76' title='bbox 601 1152 672 1224; x_wconf 82' lang='lat' dir='ltr'>Fuit</span> <span class='ocrx_word' id='word_1_77' title='bbox 700 1154 798 1250; x_wconf 89' lang='lat' dir='ltr'>igitur</span> <span class='ocrx_word' id='word_1_78' title='bbox 833 1169 962 1248; x_wconf 76' lang='lat' dir='ltr'>tempus</span> <span class='ocrx_word' id='word_1_79' title='bbox 996 1156 1031 1226; x_wconf 87' lang='lat' dir='ltr'>dt</span> <span class='ocrx_word' id='word_1_80' title='bbox 1058 1151 1179 1228; x_wconf 81' lang='lat' dir='ltr'>statua.</span> <span class='ocrx_word' id='word_1_81' title='bbox 1204 1153 1239 1222; x_wconf 93' lang='lat' dir='ltr'>in</span> <span class='ocrx_word' id='word_1_82' title='bbox 1264 1173 1332 1246; x_wconf 91' lang='lat' dir='ltr'>quo</span> <span class='ocrx_word' id='word_1_83' title='bbox 1356 1149 1455 1220; x_wconf 82' lang='lat' dir='ltr'>etiarn</span> <span class='ocrx_word' id='word_1_84' title='bbox 1478 1149 1584 1248; x_wconf 79' lang='lat' dir='ltr'>rugeli</span> <span class='ocrx_word' id='word_1_85' title='bbox 1611 1151 1734 1224; x_wconf 81' lang='lat' dir='ltr'>l‘uaea</span> 
     </span>
     <span class='ocr_line' id='line_1_10' title="bbox 444 1243 1733 1420; baseline -0.002 -97"><span class='ocrx_word' id='word_1_86' title='bbox 444 1249 523 1420; x_wconf 57' lang='lat' dir='ltr'>Pro</span> <span class='ocrx_word' id='word_1_87' title='bbox 540 1245 776 1348; x_wconf 73' lang='lat' dir='ltr'>dependendae</span> <span class='ocrx_word' id='word_1_88' title='bbox 800 1244 987 1348; x_wconf 79' lang='lat' dir='ltr'>specimen,</span> <span class='ocrx_word' id='word_1_89' title='bbox 1010 1243 1085 1322; x_wconf 87' lang='lat' dir='ltr'>suae</span> <span class='ocrx_word' id='word_1_90' title='bbox 1107 1246 1272 1322; x_wconf 75' lang='lat' dir='ltr'>fidelitatis</span> <span class='ocrx_word' id='word_1_91' title='bbox 1294 1249 1577 1364; x_wconf 80' lang='lat' dir='ltr'>experimentum.</span> <span class='ocrx_word' id='word_1_92' title='bbox 1605 1251 1652 1324; x_wconf 79' lang='lat' dir='ltr'>sui</span> <span class='ocrx_word' id='word_1_93' title='bbox 1675 1253 1733 1324; x_wconf 87' lang='lat' dir='ltr'>ob·</span> 
     </span>
     <span class='ocr_line' id='line_1_11' title="bbox 446 1343 1733 1548; baseline -0.011 -23"><span class='ocrx_word' id='word_1_94' title='bbox 446 1343 1535 1544; x_wconf 56' lang='lat' dir='ltr'>lillil‘illll:&#39;ilmlitiillllill‘n‘ill?</span> <span class='ocrx_word' id='word_1_95' title='bbox 1547 1348 1733 1548; x_wconf 59' lang='lat' dir='ltr'>lilii:</span> 
     </span>
     <span class='ocr_line' id='line_1_12' title="bbox 447 1543 1734 1648; baseline 0.005 -33"><span class='ocrx_word' id='word_1_96' title='bbox 447 1545 546 1648; x_wconf 76' lang='lat' dir='ltr'>ilira,</span> <span class='ocrx_word' id='word_1_97' title='bbox 568 1546 721 1644; x_wconf 79' lang='lat' dir='ltr'>augendis</span> <span class='ocrx_word' id='word_1_98' title='bbox 738 1546 1001 1644; x_wconf 75' lang='lat' dir='ltr'>periclitarentur.</span> <span class='ocrx_word' id='word_1_99' title='bbox 1051 1553 1176 1643; x_wconf 83' lang='lat' dir='ltr'>aincepa</span> <span class='ocrx_word' id='word_1_100' title='bbox 1205 1543 1341 1643; x_wconf 88' lang='lat' dir='ltr'>quidem</span> <span class='ocrx_word' id='word_1_101' title='bbox 1370 1561 1438 1616; x_wconf 86' lang='lat' dir='ltr'>etat</span> <span class='ocrx_word' id='word_1_102' title='bbox 1455 1545 1652 1632; x_wconf 80' lang='lat' dir='ltr'>hic-status,</span> <span class='ocrx_word' id='word_1_103' title='bbox 1676 1545 1734 1622; x_wconf 82' lang='lat' dir='ltr'>sed</span> 
     </span>
     <span class='ocr_line' id='line_1_13' title="bbox 451 1640 1736 1752; baseline 0.001 -34"><span class='ocrx_word' id='word_1_104' title='bbox 451 1643 645 1736; x_wconf 75' lang='lat' dir='ltr'>occellariua</span> <span class='ocrx_word' id='word_1_105' title='bbox 661 1651 694 1720; x_wconf 81' lang='lat' dir='ltr'>dt</span> <span class='ocrx_word' id='word_1_106' title='bbox 709 1643 834 1743; x_wconf 85' lang='lat' dir='ltr'>gloriae</span> <span class='ocrx_word' id='word_1_107' title='bbox 854 1643 986 1719; x_wconf 90' lang='lat' dir='ltr'>diuinae</span> <span class='ocrx_word' id='word_1_108' title='bbox 1003 1641 1204 1718; x_wconf 86' lang='lat' dir='ltr'>illullraudae</span> <span class='ocrx_word' id='word_1_109' title='bbox 1227 1651 1262 1718; x_wconf 83' lang='lat' dir='ltr'>dt</span> <span class='ocrx_word' id='word_1_110' title='bbox 1279 1645 1441 1718; x_wconf 80' lang='lat' dir='ltr'>&#39;exercitio</span> <span class='ocrx_word' id='word_1_111' title='bbox 1459 1640 1537 1752; x_wconf 57' lang='lat' dir='ltr'>fidei</span> <span class='ocrx_word' id='word_1_112' title='bbox 1558 1653 1736 1746; x_wconf 80' lang='lat' dir='ltr'>praecipue</span> 
     </span>
     <span class='ocr_line' id='line_1_14' title="bbox 449 1740 1734 1842; baseline 0 -24"><span class='ocrx_word' id='word_1_113' title='bbox 449 1745 696 1832; x_wconf 76' lang='lat' dir='ltr'>consentaneus.</span> <span class='ocrx_word' id='word_1_114' title='bbox 743 1743 807 1818; x_wconf 78' lang='lat' dir='ltr'>Sed</span> <span class='ocrx_word' id='word_1_115' title='bbox 830 1766 913 1842; x_wconf 89' lang='lat' dir='ltr'>quae</span> <span class='ocrx_word' id='word_1_116' title='bbox 932 1743 1070 1842; x_wconf 86' lang='lat' dir='ltr'>quidem</span> <span class='ocrx_word' id='word_1_117' title='bbox 1091 1741 1223 1818; x_wconf 81' lang='lat' dir='ltr'>occatio</span> <span class='ocrx_word' id='word_1_118' title='bbox 1241 1740 1439 1816; x_wconf 74' lang='lat' dir='ltr'>exercendae</span> <span class='ocrx_word' id='word_1_119' title='bbox 1457 1743 1523 1816; x_wconf 87' lang='lat' dir='ltr'>hoc</span> <span class='ocrx_word' id='word_1_120' title='bbox 1543 1745 1647 1818; x_wconf 88' lang='lat' dir='ltr'>modo</span> <span class='ocrx_word' id='word_1_121' title='bbox 1670 1751 1734 1818; x_wconf 80' lang='lat' dir='ltr'>rit·</span> 
     </span>
     <span class='ocr_line' id='line_1_15' title="bbox 450 1835 1735 1943; baseline 0.002 -29"><span class='ocrx_word' id='word_1_122' title='bbox 450 1845 530 1937; x_wconf 84' lang='lat' dir='ltr'>t&#39;utit</span> <span class='ocrx_word' id='word_1_123' title='bbox 544 1851 577 1918; x_wconf 79' lang='grc' dir='ltr'>ἀ</span> <span class='ocrx_word' id='word_1_124' title='bbox 594 1845 717 1940; x_wconf 79' lang='lat' dir='ltr'>pietatis</span> <span class='ocrx_word' id='word_1_125' title='bbox 735 1843 896 1941; x_wconf 86' lang='lat' dir='ltr'>angelicae</span> <span class='ocrx_word' id='word_1_126' title='bbox 910 1867 929 1912; x_wconf 90' lang='lat' dir='ltr'>a</span> <span class='ocrx_word' id='word_1_127' title='bbox 942 1844 1059 1916; x_wconf 90' lang='lat' dir='ltr'>diuino</span> <span class='ocrx_word' id='word_1_128' title='bbox 1074 1835 1208 1914; x_wconf 82' lang='lat' dir='ltr'>arbitrio</span> <span class='ocrx_word' id='word_1_129' title='bbox 1224 1839 1326 1941; x_wconf 79' lang='lat' dir='ltr'>pofita</span> <span class='ocrx_word' id='word_1_130' title='bbox 1349 1838 1445 1911; x_wconf 81' lang='lat' dir='ltr'>fucrit</span> <span class='ocrx_word' id='word_1_131' title='bbox 1460 1850 1494 1916; x_wconf 84' lang='lat' dir='ltr'>dt</span> <span class='ocrx_word' id='word_1_132' title='bbox 1506 1837 1735 1943; x_wconf 75' lang='lat' dir='ltr'>suppeditata,</span> 
     </span>
     <span class='ocr_line' id='line_1_16' title="bbox 454 1935 1735 2040; baseline -0.002 -22"><span class='ocrx_word' id='word_1_133' title='bbox 454 1941 676 2018; x_wconf 85' lang='lat' dir='ltr'>determinare</span> <span class='ocrx_word' id='word_1_134' title='bbox 695 1967 763 2016; x_wconf 90' lang='lat' dir='ltr'>non</span> <span class='ocrx_word' id='word_1_135' title='bbox 789 1943 834 2017; x_wconf 92' lang='lat' dir='ltr'>ell</span> <span class='ocrx_word' id='word_1_136' title='bbox 856 1941 998 2014; x_wconf 82' lang='lat' dir='ltr'>hominia</span> <span class='ocrx_word' id='word_1_137' title='bbox 1005 1989 1022 2028; x_wconf 79' lang='lat'>,</span> <span class='ocrx_word' id='word_1_138' title='bbox 1044 1941 1124 2013; x_wconf 83' lang='lat' dir='ltr'>vltra</span> <span class='ocrx_word' id='word_1_139' title='bbox 1142 1941 1196 2029; x_wconf 80' lang='lat' dir='ltr'>id,</span> <span class='ocrx_word' id='word_1_140' title='bbox 1217 1941 1307 2040; x_wconf 91' lang='lat' dir='ltr'>quod</span> <span class='ocrx_word' id='word_1_141' title='bbox 1324 1935 1477 2038; x_wconf 81' lang='lat' dir='ltr'>scriptum</span> <span class='ocrx_word' id='word_1_142' title='bbox 1498 1943 1570 2026; x_wconf 77' lang='lat' dir='ltr'>eli,</span> <span class='ocrx_word' id='word_1_143' title='bbox 1593 1970 1664 2015; x_wconf 90' lang='lat' dir='ltr'>non</span> <span class='ocrx_word' id='word_1_144' title='bbox 1690 1947 1735 2014; x_wconf 82' lang='lat' dir='ltr'>ia-</span> 
     </span>
     <span class='ocr_line' id='line_1_17' title="bbox 449 2037 1734 2143; baseline -0.002 -28"><span class='ocrx_word' id='word_1_145' title='bbox 449 2047 580 2143; x_wconf 81' lang='lat' dir='ltr'>pientir.</span> <span class='ocrx_word' id='word_1_146' title='bbox 639 2041 712 2113; x_wconf 89' lang='lat' dir='ltr'>Fuit</span> <span class='ocrx_word' id='word_1_147' title='bbox 745 2065 831 2116; x_wconf 83' lang='lat' dir='ltr'>certe</span> <span class='ocrx_word' id='word_1_148' title='bbox 852 2041 1007 2129; x_wconf 77' lang='lat' dir='ltr'>occasio,</span> <span class='ocrx_word' id='word_1_149' title='bbox 1046 2062 1179 2116; x_wconf 87' lang='lat' dir='ltr'>naturae</span> <span class='ocrx_word' id='word_1_150' title='bbox 1207 2037 1370 2138; x_wconf 85' lang='lat' dir='ltr'>angelicae</span> <span class='ocrx_word' id='word_1_151' title='bbox 1391 2047 1424 2110; x_wconf 81' lang='lat' dir='ltr'>dt</span> <span class='ocrx_word' id='word_1_152' title='bbox 1459 2039 1550 2114; x_wconf 89' lang='lat' dir='ltr'>llatui</span> <span class='ocrx_word' id='word_1_153' title='bbox 1570 2045 1734 2141; x_wconf 77' lang='lat' dir='ltr'>ptobatio-</span> 
     </span>
     <span class='ocr_line' id='line_1_18' title="bbox 449 2135 1734 2235; baseline 0.002 -24"><span class='ocrx_word' id='word_1_154' title='bbox 449 2147 500 2230; x_wconf 85' lang='lat' dir='ltr'>nia</span> <span class='ocrx_word' id='word_1_155' title='bbox 516 2141 796 2225; x_wconf 84' lang='lat' dir='ltr'>adcommodata,</span> <span class='ocrx_word' id='word_1_156' title='bbox 820 2137 911 2210; x_wconf 88' lang='lat' dir='ltr'>iivel</span> <span class='ocrx_word' id='word_1_157' title='bbox 929 2143 1041 2235; x_wconf 86' lang='lat' dir='ltr'>primo</span> <span class='ocrx_word' id='word_1_158' title='bbox 1061 2141 1179 2210; x_wconf 90' lang='lat' dir='ltr'>intuitu</span> <span class='ocrx_word' id='word_1_159' title='bbox 1194 2161 1293 2234; x_wconf 82' lang='lat' dir='ltr'>parua</span> <span class='ocrx_word' id='word_1_160' title='bbox 1309 2146 1341 2212; x_wconf 81' lang='lat' dir='ltr'>dt</span> <span class='ocrx_word' id='word_1_161' title='bbox 1358 2135 1473 2209; x_wconf 83' lang='lat' dir='ltr'>nullius</span> <span class='ocrx_word' id='word_1_162' title='bbox 1489 2145 1650 2217; x_wconf 66' lang='lat' dir='ltr'>enumerati</span> <span class='ocrx_word' id='word_1_163' title='bbox 1673 2141 1734 2213; x_wconf 82' lang='lat' dir='ltr'>ad·</span> 
     </span>
     <span class='ocr_line' id='line_1_19' title="bbox 448 2231 1732 2341; baseline 0 -29"><span class='ocrx_word' id='word_1_164' title='bbox 448 2233 613 2341; x_wconf 68' lang='lat' dir='ltr'>paruill&#39;et.</span> <span class='ocrx_word' id='word_1_165' title='bbox 667 2234 833 2312; x_wconf 82' lang='lat' dir='ltr'>Praeuilro</span> <span class='ocrx_word' id='word_1_166' title='bbox 852 2237 953 2334; x_wconf 89' lang='lat' dir='ltr'>igitur</span> <span class='ocrx_word' id='word_1_167' title='bbox 965 2231 1118 2326; x_wconf 72' lang='lat' dir='ltr'>futurae,</span> <span class='ocrx_word' id='word_1_168' title='bbox 1135 2242 1266 2335; x_wconf 83' lang='lat' dir='ltr'>eiusque</span> <span class='ocrx_word' id='word_1_169' title='bbox 1282 2241 1454 2324; x_wconf 82' lang='lat' dir='ltr'>maximae,</span> <span class='ocrx_word' id='word_1_170' title='bbox 1466 2239 1651 2317; x_wconf 67' lang='lat' dir='ltr'>tondunt</span> <span class='ocrx_word' id='word_1_171' title='bbox 1663 2263 1732 2312; x_wconf 86' lang='lat' dir='ltr'>non</span> 
     </span>
     <span class='ocr_line' id='line_1_20' title="bbox 449 2334 1733 2437; baseline 0.002 -29"><span class='ocrx_word' id='word_1_172' title='bbox 449 2336 566 2426; x_wconf 84' lang='lat' dir='ltr'>debuit</span> <span class='ocrx_word' id='word_1_173' title='bbox 582 2336 740 2433; x_wconf 84' lang='lat' dir='ltr'>impedito</span> <span class='ocrx_word' id='word_1_174' title='bbox 756 2340 887 2420; x_wconf 87' lang='lat' dir='ltr'>Deum,</span> <span class='ocrx_word' id='word_1_175' title='bbox 912 2360 982 2430; x_wconf 92' lang='lat' dir='ltr'>quo</span> <span class='ocrx_word' id='word_1_176' title='bbox 999 2338 1106 2410; x_wconf 77' lang='lat' dir='ltr'>ntinua</span> <span class='ocrx_word' id='word_1_177' title='bbox 1119 2336 1271 2435; x_wconf 80' lang='lat' dir='ltr'>angelum</span> <span class='ocrx_word' id='word_1_178' title='bbox 1287 2357 1407 2427; x_wconf 80' lang='lat' dir='ltr'>crearet</span> <span class='ocrx_word' id='word_1_179' title='bbox 1421 2334 1602 2437; x_wconf 79' lang='lat' dir='ltr'>lapsurum,</span> <span class='ocrx_word' id='word_1_180' title='bbox 1615 2364 1673 2412; x_wconf 95' lang='lat' dir='ltr'>aut</span> <span class='ocrx_word' id='word_1_181' title='bbox 1694 2342 1733 2411; x_wconf 89' lang='lat' dir='ltr'>in</span> 
     </span>
    </p>

    <p class='ocr_par' dir='ltr' id='par_1_3' title="bbox 303 2422 1765 3915">
     <span class='ocr_line' id='line_1_21' title="bbox 447 2422 1765 2541; baseline 0 -32"><span class='ocrx_word' id='word_1_182' title='bbox 447 2432 516 2535; x_wconf 80' lang='lat' dir='ltr'>ipsa</span> <span class='ocrx_word' id='word_1_183' title='bbox 530 2440 628 2505; x_wconf 88' lang='lat' dir='ltr'>etiam</span> <span class='ocrx_word' id='word_1_184' title='bbox 643 2430 798 2527; x_wconf 82' lang='lat' dir='ltr'>apollalia</span> <span class='ocrx_word' id='word_1_185' title='bbox 811 2428 864 2503; x_wconf 89' lang='lat' dir='ltr'>sua</span> <span class='ocrx_word' id='word_1_186' title='bbox 877 2432 1056 2509; x_wconf 86' lang='lat' dir='ltr'>voluntarie</span> <span class='ocrx_word' id='word_1_187' title='bbox 1070 2430 1362 2534; x_wconf 80' lang='lat' dir='ltr'>perseueraturum.</span> <span class='ocrx_word' id='word_1_188' title='bbox 1399 2434 1438 2508; x_wconf 92' lang='lat' dir='ltr'>ld</span> <span class='ocrx_word' id='word_1_189' title='bbox 1451 2441 1536 2509; x_wconf 89' lang='lat' dir='ltr'>enim</span> <span class='ocrx_word' id='word_1_190' title='bbox 1551 2464 1733 2541; x_wconf 86' lang='lat' dir='ltr'>argumen·</span> <span class='ocrx_word' id='word_1_191' title='bbox 1751 2422 1765 2447; x_wconf 66' lang='grc'><em>’</em></span> 
     </span>
     <span class='ocr_line' id='line_1_22' title="bbox 447 2530 1731 2634; baseline 0.003 -30"><span class='ocrx_word' id='word_1_192' title='bbox 447 2558 541 2613; x_wconf 85' lang='lat' dir='ltr'>tum,</span> <span class='ocrx_word' id='word_1_193' title='bbox 568 2530 747 2615; x_wconf 84' lang='lat' dir='ltr'>fiualetet,</span> <span class='ocrx_word' id='word_1_194' title='bbox 768 2538 876 2604; x_wconf 86' lang='lat' dir='ltr'>Deum</span> <span class='ocrx_word' id='word_1_195' title='bbox 897 2532 938 2601; x_wconf 88' lang='lat' dir='ltr'>ab</span> <span class='ocrx_word' id='word_1_196' title='bbox 949 2536 1039 2604; x_wconf 91' lang='lat' dir='ltr'>omni</span> <span class='ocrx_word' id='word_1_197' title='bbox 1055 2539 1180 2607; x_wconf 88' lang='lat' dir='ltr'>entium</span> <span class='ocrx_word' id='word_1_198' title='bbox 1194 2534 1441 2634; x_wconf 84' lang='lat' dir='ltr'>intelligentium</span> <span class='ocrx_word' id='word_1_199' title='bbox 1465 2540 1594 2610; x_wconf 85' lang='lat' dir='ltr'>ciuitate</span> <span class='ocrx_word' id='word_1_200' title='bbox 1612 2539 1731 2610; x_wconf 85' lang='lat' dir='ltr'>conili-</span> 
     </span>
     <span class='ocr_line' id='line_1_23' title="bbox 446 2628 1735 2732; baseline 0.001 -27"><span class='ocrx_word' id='word_1_201' title='bbox 446 2630 568 2707; x_wconf 87' lang='lat' dir='ltr'>tueoda</span> <span class='ocrx_word' id='word_1_202' title='bbox 585 2631 772 2705; x_wconf 82' lang='lat' dir='ltr'>&amp;creanda</span> <span class='ocrx_word' id='word_1_203' title='bbox 789 2632 952 2703; x_wconf 85' lang='lat' dir='ltr'>deterrere</span> <span class='ocrx_word' id='word_1_204' title='bbox 974 2628 1133 2706; x_wconf 71' lang='lat' dir='ltr'>debuill&#39;ct</span> <span class='ocrx_word' id='word_1_205' title='bbox 1144 2686 1158 2715; x_wconf 90' lang='lat'><em>,</em></span> <span class='ocrx_word' id='word_1_206' title='bbox 1183 2638 1341 2729; x_wconf 86' lang='lat' dir='ltr'>quoniam</span> <span class='ocrx_word' id='word_1_207' title='bbox 1357 2660 1471 2709; x_wconf 85' lang='lat' dir='ltr'>omuet</span> <span class='ocrx_word' id='word_1_208' title='bbox 1492 2632 1618 2732; x_wconf 82' lang='lat' dir='ltr'>spiritua</span> <span class='ocrx_word' id='word_1_209' title='bbox 1642 2638 1735 2709; x_wconf 82' lang='lat' dir='ltr'>statui</span> 
     </span>
     <span class='ocr_line' id='line_1_24' title="bbox 448 2728 1734 2835; baseline 0.004 -32"><span class='ocrx_word' id='word_1_210' title='bbox 448 2730 576 2807; x_wconf 88' lang='lat' dir='ltr'>cuidam</span> <span class='ocrx_word' id='word_1_211' title='bbox 602 2728 802 2828; x_wconf 85' lang='lat' dir='ltr'>probationis</span> <span class='ocrx_word' id='word_1_212' title='bbox 814 2730 999 2829; x_wconf 82' lang='lat' dir='ltr'>exponendi</span> <span class='ocrx_word' id='word_1_213' title='bbox 1015 2751 1119 2815; x_wconf 79' lang='lat' dir='ltr'>etant.</span> <span class='ocrx_word' id='word_1_214' title='bbox 1167 2735 1209 2805; x_wconf 85' lang='lat' dir='ltr'>Et</span> <span class='ocrx_word' id='word_1_215' title='bbox 1223 2735 1284 2805; x_wconf 86' lang='lat' dir='ltr'>hac</span> <span class='ocrx_word' id='word_1_216' title='bbox 1299 2734 1432 2835; x_wconf 89' lang='lat' dir='ltr'>quidem</span> <span class='ocrx_word' id='word_1_217' title='bbox 1449 2739 1575 2810; x_wconf 88' lang='lat' dir='ltr'>ratione</span> <span class='ocrx_word' id='word_1_218' title='bbox 1589 2738 1734 2809; x_wconf 75' lang='lat' dir='ltr'>mundus</span> 
     </span>
     <span class='ocr_line' id='line_1_25' title="bbox 450 2830 1732 2932; baseline 0.002 -28"><span class='ocrx_word' id='word_1_219' title='bbox 450 2832 701 2931; x_wconf 80' lang='lat' dir='ltr'>pneumaticua,</span> <span class='ocrx_word' id='word_1_220' title='bbox 727 2830 874 2931; x_wconf 89' lang='lat' dir='ltr'>adeoque</span> <span class='ocrx_word' id='word_1_221' title='bbox 894 2834 994 2903; x_wconf 87' lang='lat' dir='ltr'>etiam</span> <span class='ocrx_word' id='word_1_222' title='bbox 1010 2831 1153 2906; x_wconf 76' lang='lat' dir='ltr'>mundus</span> <span class='ocrx_word' id='word_1_223' title='bbox 1172 2856 1374 2929; x_wconf 79' lang='lat' dir='ltr'>corporeus,</span> <span class='ocrx_word' id='word_1_224' title='bbox 1400 2839 1489 2907; x_wconf 84' lang='lat' dir='ltr'>euius</span> <span class='ocrx_word' id='word_1_225' title='bbox 1504 2838 1608 2932; x_wconf 87' lang='lat' dir='ltr'>gratia</span> <span class='ocrx_word' id='word_1_226' title='bbox 1624 2830 1732 2908; x_wconf 71' lang='lat' dir='ltr'>taetus</span> 
     </span>
     <span class='ocr_line' id='line_1_26' title="bbox 450 2923 1736 3031; baseline -0.002 -26"><span class='ocrx_word' id='word_1_227' title='bbox 450 2930 497 3005; x_wconf 88' lang='lat' dir='ltr'>ell</span> <span class='ocrx_word' id='word_1_228' title='bbox 506 2984 519 3025; x_wconf 84' lang='lat'><strong>,</strong></span> <span class='ocrx_word' id='word_1_229' title='bbox 544 2952 726 3029; x_wconf 86' lang='lat' dir='ltr'>numquam</span> <span class='ocrx_word' id='word_1_230' title='bbox 744 2923 919 3005; x_wconf 82' lang='lat' dir='ltr'>exilitillet.</span> <span class='ocrx_word' id='word_1_231' title='bbox 969 2931 1060 3026; x_wconf 80' lang='lat' dir='ltr'>Quot</span> <span class='ocrx_word' id='word_1_232' title='bbox 1076 2926 1196 3031; x_wconf 88' lang='lat' dir='ltr'>quaelo</span> <span class='ocrx_word' id='word_1_233' title='bbox 1212 2929 1342 3009; x_wconf 85' lang='lat' dir='ltr'>diuinae</span> <span class='ocrx_word' id='word_1_234' title='bbox 1357 2932 1505 3007; x_wconf 84' lang='lat' dir='ltr'>bonitatis</span> <span class='ocrx_word' id='word_1_235' title='bbox 1520 2934 1736 3018; x_wconf 76' lang='lat' dir='ltr'>documenta.</span> 
     </span>
     <span class='ocr_line' id='line_1_27' title="bbox 448 3024 1732 3133; baseline 0.007 -30"><span class='ocrx_word' id='word_1_236' title='bbox 448 3052 534 3133; x_wconf 89' lang='lat' dir='ltr'>quot</span> <span class='ocrx_word' id='word_1_237' title='bbox 559 3028 688 3103; x_wconf 91' lang='lat' dir='ltr'>diuinae</span> <span class='ocrx_word' id='word_1_238' title='bbox 707 3033 882 3128; x_wconf 32' lang='lat' dir='ltr'>,potentiae</span> <span class='ocrx_word' id='word_1_239' title='bbox 896 3024 1053 3119; x_wconf 73' lang='lat' dir='ltr'>artificia,</span> <span class='ocrx_word' id='word_1_240' title='bbox 1073 3049 1154 3129; x_wconf 88' lang='lat' dir='ltr'>quot</span> <span class='ocrx_word' id='word_1_241' title='bbox 1172 3027 1347 3128; x_wconf 80' lang='lat' dir='ltr'>sapientiae</span> <span class='ocrx_word' id='word_1_242' title='bbox 1365 3030 1511 3107; x_wconf 87' lang='lat' dir='ltr'>infinitae</span> <span class='ocrx_word' id='word_1_243' title='bbox 1529 3032 1732 3127; x_wconf 68' lang='lat' dir='ltr'>ramim,</span> 
     </span>
     <span class='ocr_line' id='line_1_28' title="bbox 451 3124 1731 3227; baseline 0.003 -26"><span class='ocrx_word' id='word_1_244' title='bbox 451 3156 515 3227; x_wconf 76' lang='lat' dir='ltr'>rna</span> <span class='ocrx_word' id='word_1_245' title='bbox 533 3130 626 3203; x_wconf 85' lang='lat' dir='ltr'>litura</span> <span class='ocrx_word' id='word_1_246' title='bbox 640 3128 750 3203; x_wconf 88' lang='lat' dir='ltr'>delere</span> <span class='ocrx_word' id='word_1_247' title='bbox 766 3154 833 3199; x_wconf 90' lang='lat' dir='ltr'>non</span> <span class='ocrx_word' id='word_1_248' title='bbox 850 3128 1017 3215; x_wconf 86' lang='lat' dir='ltr'>dubitant,</span> <span class='ocrx_word' id='word_1_249' title='bbox 1044 3149 1208 3225; x_wconf 89' lang='lat' dir='ltr'>quotquot</span> <span class='ocrx_word' id='word_1_250' title='bbox 1222 3124 1255 3203; x_wconf 83' lang='lat' dir='ltr'>le</span> <span class='ocrx_word' id='word_1_251' title='bbox 1275 3132 1352 3205; x_wconf 84' lang='lat' dir='ltr'>tales</span> <span class='ocrx_word' id='word_1_252' title='bbox 1369 3134 1492 3203; x_wconf 82' lang='lat' dir='ltr'>viarum</span> <span class='ocrx_word' id='word_1_253' title='bbox 1510 3135 1648 3205; x_wconf 87' lang='lat' dir='ltr'>Domini</span> <span class='ocrx_word' id='word_1_254' title='bbox 1663 3139 1731 3205; x_wconf 88' lang='lat' dir='ltr'>itn·</span> 
     </span>
     <span class='ocr_line' id='line_1_29' title="bbox 451 3223 1730 3330; baseline 0.003 -31"><span class='ocrx_word' id='word_1_255' title='bbox 451 3231 576 3324; x_wconf 83' lang='lat' dir='ltr'>petitor</span> <span class='ocrx_word' id='word_1_256' title='bbox 593 3225 742 3301; x_wconf 80' lang='lat' dir='ltr'>censores</span> <span class='ocrx_word' id='word_1_257' title='bbox 757 3234 791 3303; x_wconf 82' lang='lat' dir='ltr'>dt</span> <span class='ocrx_word' id='word_1_258' title='bbox 805 3231 932 3323; x_wconf 77' lang='lat' dir='ltr'>ineptos</span> <span class='ocrx_word' id='word_1_259' title='bbox 957 3223 1155 3300; x_wconf 82' lang='lat' dir='ltr'>confiliarios</span> <span class='ocrx_word' id='word_1_260' title='bbox 1171 3228 1300 3303; x_wconf 77' lang='lat' dir='ltr'>filiunt?</span> <span class='ocrx_word' id='word_1_261' title='bbox 1328 3228 1408 3303; x_wconf 79' lang='lat' dir='ltr'>Labi</span> <span class='ocrx_word' id='word_1_262' title='bbox 1417 3227 1730 3330; x_wconf 72' lang='lat' dir='ltr'>potuillelsmnauu</span> 
     </span>
     <span class='ocr_line' id='line_1_30' title="bbox 449 3324 1732 3425; baseline 0.001 -26"><span class='ocrx_word' id='word_1_263' title='bbox 449 3334 486 3399; x_wconf 79' lang='lat' dir='ltr'>dr</span> <span class='ocrx_word' id='word_1_264' title='bbox 501 3324 633 3421; x_wconf 74' lang='lat' dir='ltr'>angelos</span> <span class='ocrx_word' id='word_1_265' title='bbox 647 3326 769 3410; x_wconf 86' lang='lat' dir='ltr'>maior,</span> <span class='ocrx_word' id='word_1_266' title='bbox 794 3325 850 3423; x_wconf 89' lang='lat' dir='ltr'>qui</span> <span class='ocrx_word' id='word_1_267' title='bbox 871 3338 1021 3413; x_wconf 81' lang='lat' dir='ltr'>naturae,</span> <span class='ocrx_word' id='word_1_268' title='bbox 1044 3332 1193 3423; x_wconf 82' lang='lat' dir='ltr'>quamuis</span> <span class='ocrx_word' id='word_1_269' title='bbox 1211 3324 1512 3425; x_wconf 76' lang='lat' dir='ltr'>praeliantiffimae&#39;,</span> <span class='ocrx_word' id='word_1_270' title='bbox 1536 3326 1590 3404; x_wconf 82' lang='lat' dir='ltr'>led</span> <span class='ocrx_word' id='word_1_271' title='bbox 1606 3330 1732 3414; x_wconf 76' lang='lat' dir='ltr'>linitae,</span> 
     </span>
     <span class='ocr_line' id='line_1_31' title="bbox 329 3416 1730 3519; baseline 0.004 -23"><span class='ocrx_word' id='word_1_272' title='bbox 329 3490 340 3505; x_wconf 25' lang='lat' dir='ltr'>x</span> <span class='ocrx_word' id='word_1_273' title='bbox 447 3424 590 3506; x_wconf 81' lang='lat' dir='ltr'>limitet,</span> <span class='ocrx_word' id='word_1_274' title='bbox 614 3422 653 3493; x_wconf 88' lang='lat' dir='ltr'>ab</span> <span class='ocrx_word' id='word_1_275' title='bbox 668 3420 794 3494; x_wconf 88' lang='lat' dir='ltr'>infinita</span> <span class='ocrx_word' id='word_1_276' title='bbox 814 3416 1017 3518; x_wconf 72' lang='lat' dir='ltr'>persedione</span> <span class='ocrx_word' id='word_1_277' title='bbox 1029 3423 1156 3498; x_wconf 81' lang='lat' dir='ltr'>infinite</span> <span class='ocrx_word' id='word_1_278' title='bbox 1171 3424 1343 3519; x_wconf 79' lang='lat' dir='ltr'>distanter,</span> <span class='ocrx_word' id='word_1_279' title='bbox 1364 3427 1730 3519; x_wconf 66' lang='lat' dir='ltr'>redeeonlidemuerit,</span> 
     </span>
     <span class='ocr_line' id='line_1_32' title="bbox 303 3517 1732 3623; baseline 0.007 -30"><span class='ocrx_word' id='word_1_280' title='bbox 303 3606 309 3615; x_wconf 41' lang='grc'>,</span> <span class='ocrx_word' id='word_1_281' title='bbox 446 3546 519 3595; x_wconf 85' lang='lat' dir='ltr'>oon</span> <span class='ocrx_word' id='word_1_282' title='bbox 540 3517 699 3593; x_wconf 85' lang='lat' dir='ltr'>dubitabit</span> <span class='ocrx_word' id='word_1_283' title='bbox 717 3517 809 3593; x_wconf 81' lang='lat' dir='ltr'>ullus.</span> <span class='ocrx_word' id='word_1_284' title='bbox 829 3520 1396 3622; x_wconf 80' lang='lat' dir='ltr'>,‚Dieu,inquitl.r1unrr1us</span> <span class='ocrx_word' id='word_1_285' title='bbox 1415 3529 1549 3605; x_wconf 81' lang='lat' dir='ltr'>Theoti.</span> <span class='ocrx_word' id='word_1_286' title='bbox 1565 3537 1593 3623; x_wconf 81' lang='lat'>§.</span> <span class='ocrx_word' id='word_1_287' title='bbox 1612 3552 1669 3607; x_wconf 76' lang='lat'>³¹·</span> <span class='ocrx_word' id='word_1_288' title='bbox 1690 3554 1732 3603; x_wconf 87' lang='lat' dir='ltr'>or</span> 
     </span>
     <span class='ocr_line' id='line_1_33' title="bbox 448 3616 1731 3718; baseline 0.009 -29"><span class='ocrx_word' id='word_1_289' title='bbox 448 3670 478 3703; x_wconf 87' lang='lat'><em>„</em></span> <span class='ocrx_word' id='word_1_290' title='bbox 503 3618 642 3717; x_wconf 82' lang='lat' dir='ltr'>pouvoit</span> <span class='ocrx_word' id='word_1_291' title='bbox 665 3644 721 3718; x_wconf 81' lang='lat' dir='ltr'>par</span> <span class='ocrx_word' id='word_1_292' title='bbox 740 3616 759 3690; x_wconf 85' lang='lat' dir='ltr'>it</span> <span class='ocrx_word' id='word_1_293' title='bbox 780 3620 810 3692; x_wconf 86' lang='lat' dir='ltr'>la</span> <span class='ocrx_word' id='word_1_294' title='bbox 828 3644 977 3693; x_wconf 87' lang='lat' dir='ltr'>creature</span> <span class='ocrx_word' id='word_1_295' title='bbox 995 3619 1120 3699; x_wconf 89' lang='lat' dir='ltr'>donner</span> <span class='ocrx_word' id='word_1_296' title='bbox 1141 3642 1234 3705; x_wconf 86' lang='lat' dir='ltr'>tout,</span> <span class='ocrx_word' id='word_1_297' title='bbox 1259 3630 1326 3701; x_wconf 84' lang='lat' dir='ltr'>sans</span> <span class='ocrx_word' id='word_1_298' title='bbox 1351 3650 1391 3698; x_wconf 90' lang='lat' dir='ltr'>eu</span> <span class='ocrx_word' id='word_1_299' title='bbox 1416 3623 1499 3701; x_wconf 88' lang='lat' dir='ltr'>faire</span> <span class='ocrx_word' id='word_1_300' title='bbox 1514 3654 1559 3701; x_wconf 89' lang='lat' dir='ltr'>uu</span> <span class='ocrx_word' id='word_1_301' title='bbox 1575 3634 1684 3717; x_wconf 71' lang='lat' dir='ltr'>Dieue</span> <span class='ocrx_word' id='word_1_302' title='bbox 1706 3626 1731 3701; x_wconf 88' lang='lat' dir='ltr'>ii</span> 
     </span>
     <span class='ocr_line' id='line_1_34' title="bbox 387 3716 1730 3827; baseline 0.004 -33"><span class='ocrx_word' id='word_1_303' title='bbox 387 3805 400 3819; x_wconf 16' lang='grc' dir='ltr'>γ,</span> <span class='ocrx_word' id='word_1_304' title='bbox 451 3770 480 3802; x_wconf 84' lang='grc'>.,</span> <span class='ocrx_word' id='word_1_305' title='bbox 505 3716 610 3795; x_wconf 84' lang='lat' dir='ltr'>falloit</span> <span class='ocrx_word' id='word_1_306' title='bbox 631 3718 719 3793; x_wconf 84' lang='lat' dir='ltr'>douc</span> <span class='ocrx_word' id='word_1_307' title='bbox 741 3768 754 3797; x_wconf 72' lang='lat'><em>0</em></span> <span class='ocrx_word' id='word_1_308' title='bbox 779 3716 853 3821; x_wconf 85' lang='lat' dir='ltr'>qu’il</span> <span class='ocrx_word' id='word_1_309' title='bbox 870 3744 893 3812; x_wconf 85' lang='lat' dir='ltr'>y</span> <span class='ocrx_word' id='word_1_310' title='bbox 913 3718 969 3793; x_wconf 85' lang='lat' dir='ltr'>citt</span> <span class='ocrx_word' id='word_1_311' title='bbox 990 3721 1047 3795; x_wconf 80' lang='lat' dir='ltr'>det</span> <span class='ocrx_word' id='word_1_312' title='bbox 1075 3718 1226 3799; x_wconf 75' lang='lat' dir='ltr'>ditiemn</span> <span class='ocrx_word' id='word_1_313' title='bbox 1251 3726 1368 3827; x_wconf 87' lang='lat' dir='ltr'>degte‘a</span> <span class='ocrx_word' id='word_1_314' title='bbox 1386 3724 1468 3799; x_wconf 86' lang='lat' dir='ltr'>dana</span> <span class='ocrx_word' id='word_1_315' title='bbox 1490 3728 1521 3798; x_wconf 91' lang='lat' dir='ltr'>la</span> <span class='ocrx_word' id='word_1_316' title='bbox 1541 3727 1730 3827; x_wconf 68' lang='lat' dir='ltr'>perfectiora</span> 
     </span>
     <span class='ocr_line' id='line_1_35' title="bbox 447 3812 1731 3915; baseline 0.01 -29"><span class='ocrx_word' id='word_1_317' title='bbox 447 3869 483 3900; x_wconf 85' lang='lat'>.„</span> <span class='ocrx_word' id='word_1_318' title='bbox 508 3812 712 3904; x_wconf 71' lang='lat' dir='ltr'>dornoso,</span> <span class='ocrx_word' id='word_1_319' title='bbox 738 3826 772 3893; x_wconf 83' lang='lat' dir='ltr'>dt</span> <span class='ocrx_word' id='word_1_320' title='bbox 790 3820 883 3915; x_wconf 89' lang='lat' dir='ltr'>qu’il</span> <span class='ocrx_word' id='word_1_321' title='bbox 897 3846 917 3915; x_wconf 73' lang='lat' dir='ltr'>y</span> <span class='ocrx_word' id='word_1_322' title='bbox 932 3818 987 3893; x_wconf 83' lang='lat' dir='ltr'>erit</span> <span class='ocrx_word' id='word_1_323' title='bbox 1000 3820 1042 3894; x_wconf 86' lang='lat' dir='ltr'>de</span> <span class='ocrx_word' id='word_1_324' title='bbox 1056 3818 1246 3899; x_wconf 77' lang='lat' dir='ltr'>limitatione</span> <span class='ocrx_word' id='word_1_325' title='bbox 1259 3827 1302 3899; x_wconf 90' lang='lat' dir='ltr'>de</span> <span class='ocrx_word' id='word_1_326' title='bbox 1315 3846 1405 3899; x_wconf 90' lang='lat' dir='ltr'>toute</span> <span class='ocrx_word' id='word_1_327' title='bbox 1422 3825 1556 3907; x_wconf 80' lang='lat' dir='ltr'>sorte...</span> <span class='ocrx_word' id='word_1_328' title='bbox 1593 3830 1731 3902; x_wconf 83' lang='lat' dir='ltr'>Accedit</span> 
     </span>
    </p>

    <p class='ocr_par' dir='ltr' id='par_1_4' title="bbox 451 3914 1733 4027">
     <span class='ocr_line' id='line_1_36' title="bbox 451 3914 1733 4027; baseline 0.008 -36"><span class='ocrx_word' id='word_1_329' title='bbox 451 3925 487 3999; x_wconf 74' lang='lat' dir='ltr'>dr</span> <span class='ocrx_word' id='word_1_330' title='bbox 499 3914 598 3998; x_wconf 82' lang='lat' dir='ltr'>ilud,</span> <span class='ocrx_word' id='word_1_331' title='bbox 626 3915 691 3993; x_wconf 87' lang='lat' dir='ltr'>stne</span> <span class='ocrx_word' id='word_1_332' title='bbox 707 3919 769 3994; x_wconf 85' lang='lat' dir='ltr'>hac</span> <span class='ocrx_word' id='word_1_333' title='bbox 782 3914 941 3997; x_wconf 85' lang='lat' dir='ltr'>fidelitate</span> <span class='ocrx_word' id='word_1_334' title='bbox 957 3924 1021 3994; x_wconf 87' lang='lat' dir='ltr'>tite</span> <span class='ocrx_word' id='word_1_335' title='bbox 1042 3922 1211 4020; x_wconf 82' lang='lat' dir='ltr'>praestita,</span> <span class='ocrx_word' id='word_1_336' title='bbox 1232 3930 1385 4002; x_wconf 85' lang='lat' dir='ltr'>uirtutem</span> <span class='ocrx_word' id='word_1_337' title='bbox 1404 3928 1596 4027; x_wconf 87' lang='lat' dir='ltr'>angelorum</span> <span class='ocrx_word' id='word_1_338' title='bbox 1609 3954 1653 4001; x_wconf 87' lang='lat' dir='ltr'>ne</span> <span class='ocrx_word' id='word_1_339' title='bbox 1666 3934 1733 4001; x_wconf 90' lang='lat' dir='ltr'>im·</span> 
     </span>
    </p>
   </div>
   <div class='ocr_carea' id='block_1_3' title="bbox 1623 4030 1734 4129">
    <p class='ocr_par' dir='ltr' id='par_1_5' title="bbox 1623 4030 1734 4129">
     <span class='ocr_line' id='line_1_37' title="bbox 1623 4030 1734 4129; baseline 0.009 -26"><span class='ocrx_word' id='word_1_340' title='bbox 1623 4030 1734 4129; x_wconf 81' lang='lat' dir='ltr'>putari</span> 
     </span>
    </p>
   </div>
   <div class='ocr_carea' id='block_1_4' title="bbox 0 0 1814 4600">
    <p class='ocr_par' dir='ltr' id='par_1_6' title="bbox 0 0 1814 4600">
     <span class='ocr_line' id='line_1_38' title="bbox 0 0 1814 4600; baseline 0 2"><span class='ocrx_word' id='word_1_341' title='bbox 0 0 1814 4600; x_wconf 95' lang='lat' dir='ltr'> </span> 
     </span>
    </p>
   </div>
  </div>
 </body>
</html>
