3617 4600
427 273 451 342 a
697 248 702 262 '
950 278 1176 346 ’···....··..··.·.·

433 431 564 510 tratum
577 425 755 510 litterarum
779 433 901 508 lumine
923 436 1115 528 irradiatus,
1141 433 1319 539 'respicient
1354 436 1395 512 ad
1419 435 1719 534 fimplicidltnurn,

434 531 632 606 niliffimum
652 541 688 608 δι
703 529 911 609 uccellarium
927 537 961 606 in
974 536 1084 618 bono,
1111 546 1146 614 ἀ
1159 542 1203 609 ad
1214 535 1385 636 multiplex
1400 556 1501 634 genus
1519 558 1630 609 rerum
1644 547 1719 608 no·

432 633 562 706 alarum
573 679 587 710 .
600 635 635 704 ἁ
650 631 767 706 dlain’u
787 631 903 706 finibus
920 640 1062 707 maxime
1076 638 1333 736 peregrinarum,
1344 633 1497 730 colligere
1512 628 1605 732 poss‘e
1619 633 1721 728 vide·

365 743 369 750 '
424 747 505 815 ¹rur,
529 728 677 826 utibile,
693 732 733 804 ab
755 727 963 804 inuillbilibur
1000 733 1345 831 regenerata,'lnabere
1362 731 1479 805 firnllia
1493 731 1722 806 boninmali

431 826 619 902 discrimina
632 831 666 901 in
678 827 913 912 inuifibilibuar
935 825 955 902 l
1007 836 1143 906 rationia
1157 829 1347 905 cultiil'trnae
1361 835 1429 911 vir.
1455 831 1545 929 quod
1560 835 1593 902 in
1605 831 1722 927 genri-

433 924 736 1027 liuml’hilosophis
754 927 864 1002 videre
886 930 958 1011 cll,
982 945 1163 1028 numquam
1185 957 1226 1004 eo
1239 929 1358 1011 valuit,
1382 945 1418 998 vr
1444 932 1486 1001 ad
1504 928 1719 1026 angelorum,

434 1023 485 1099 nel
507 1019 676 1122 spirituum
704 1027 800 1101 nobis
818 1024 1040 1101 sublimiorum
1059 1027 1269 1107 etlillrntlam
1295 1021 1529 1106 adtondent,
1553 1023 1725 1126 ledquic·

435 1119 516 1217 quid
539 1119 583 1194 de
606 1122 667 1198 illie
692 1123 875 1214 intellexit,
897 1127 1101 1200 ooniedlurae
1128 1122 1343 1200 subobscurae
1364 1128 1504 1222 gradum
1536 1119 1723 1212 sustineret,

436 1243 475 1314 er
487 1220 562 1317 lege
578 1224 775 1324 gradationis
800 1228 834 1296 dr
850 1228 1010 1298 varimatia
1042 1229 1078 1299 in
1094 1221 1241 1300 uniuerso
1257 1223 1383 1296 mundo
1397 1252 1416 1298 a
1428 1220 1656 1321 sapientillimo
1679 1222 1723 1292 il·

437 1315 499 1390 liua
508 1323 684 1396 conditore
702 1314 865 1394 obseruari
885 1323 1000 1407 solita,
1024 1325 1195 1400 oriundae.
1243 1325 1310 1395 Sed
1326 1320 1385 1421 qui
1405 1321 1556 1412 fanum,
1580 1338 1615 1393 vt
1630 1325 1720 1393 inter

437 1415 607 1512 gentilium
625 1415 896 1518 philosophorum
913 1418 1074 1494 familiam
1097 1423 1140 1496 rie
1157 1421 1370 1494 daemonibus
1390 1426 1425 1494 in
1439 1443 1610 1516 utramque
1634 1442 1718 1517 par·

438 1529 506 1584 tem
519 1512 752 1618 disputaretur,
768 1543 804 1590 ut
817 1513 918 1591 effent
934 1569 946 1606 ,
967 1523 1025 1615 qui
1037 1520 1172 1592 illorum
1188 1523 1223 1592 in
1241 1542 1353 1605 rtrum
1368 1543 1483 1592 natura
1500 1515 1719 1591 exsistentiam

440 1632 613 1734 negarent,
637 1617 892 1716 vtArt'stntrlrr,
919 1627 955 1694 &
975 1621 1033 1713 qui
1055 1613 1596 1715 cumeofacerenr,peripaterici;
1619 1609 1726 1730 ‚ell'ant

426 1731 738 1892 :liuilni
759 1711 1731 1910 ilii„dimidiat&illinisti

441 1927 485 1978 ne
497 1905 874 2006 inllgniebantmotitia,
894 1935 1104 2012 quaecunque
1115 1907 1176 2006 fir,
1188 1911 1320 1984 aliunde·
1329 1915 1466 1985 deriuari
1477 1915 1609 2006 nequit,
1621 1933 1724 2004 quant

441 2027 482 2076 ea
508 2012 683 2081 &editione
702 2010 977 2105 patriarcharum,
1001 2031 1084 2106 quae
1108 2006 1149 2079 ad
1170 2032 1284 2086 omues
1299 2032 1414 2080 eorum
1431 2006 1598 2104 polleres,
1625 2010 1723 2080 variis

442 2095 580 2175 subinde
600 2106 832 2178 acceffionibut.
852 2115 888 2176 dr
902 2100 1186 2176 imminutionibua
1202 2107 1295 2178 auria
1320 2111 1356 2178 dr
1380 2104 1554 2202 deprauata
1587 2103 1726 2179 transiit.

443 2193 541 2271 Priloi
556 2203 646 2272 enirn
663 2198 796 2280 fideles,
817 2198 861 2272 de
875 2201 991 2296 quibat
1002 2198 1136 2270 hilloria
1153 2194 1291 2274 mosaica
1307 2201 1403 2275 lineae
1423 2225 1551 2274 tantum
1565 2193 1724 2297 quasdam

445 2292 558 2382 dunt,
578 2321 637 2395 per
659 2295 999 2388 riam-reuelanonie,
1022 2296 1202 2371 traditionit
1221 2297 1353 2383 fidelis,
1378 2300 1619 2381 communionis
1644 2324 1725 2371 eum

445 2398 579 2491 Deo&
598 2392 830 2469 iustitutionem
850 2398 943 2469 vitae
958 2397 1049 2469 nucia
1059 2442 1073 2477 ,
1099 2392 1271 2473 redliffime
1288 2394 1471 2479 sciuerunt,
1498 2419 1657 2495 quaenam
1678 2392 1728 2469 cl'·

446 2485 494 2563 set
517 2488 576 2563 reli
599 2496 658 2572 io,
683 2514 780 2590 quant
802 2487 949 2566 diuinum
965 2494 1098 2567 Numen
1119 2494 1161 2565 ab
1178 2493 1253 2589 ipso
1271 2502 1472 2594 requireret,
1500 2498 1634 2591 quinam
1654 2492 1728 2567 rifi·

446 2588 560 2661 biliutn
576 2516 610 2665 Ξ
624 2588 829 2665 inuifibilium
845 2598 964 2667 netur?
985 2594 1177 2691 Praecipuae
1191 2595 1269 2668 hine
1279 2599 1448 2674 recitaret,
1460 2618 1542 2696 quae
1556 2597 1589 2663 in
1604 2588 1725 2691 sapien·

448 2686 574 2763 tilllmie
598 2707 685 2763 extra
701 2686 870 2763 coelestum
883 2690 1069 2766 hominibus
1082 2694 1306 2788 reperiuntur,
1330 2693 1539 2768 traditionem
1558 2693 1667 2789 potina
1687 2698 1725 2765 dr

449 2784 599 2883 reliquiar
613 2790 762 2875 veritatis,
773 2787 892 2867 olima
903 2790 979 2865 Deo
991 2788 1159 2890 rnrelatae
1171 2792 1433 2892 qualitercunque
1444 2808 1582 2865 retentas
1596 2792 1634 2865 dr
1649 2812 1728 2887 pro·
1800 2839 1801 2842 =

314 2916 317 2922 ·
451 2901 582 2983 pagataa
597 2881 707 2985 sapere
721 2888 805 2961 mihi
819 2888 992 2971 ridentur,
1012 2913 1112 2987 quam
1129 2894 1304 3058 quiequam
1327 2890 1426 2965 aliud.
1477 2890 1528 2960 Ex
1547 2888 1612 2960 ltoc
1630 2890 1730 2987 igitur
1800 2867 1801 2892 ¹

452 2980 785 3081 cognitionufonte,
808 3011 875 3059 non
893 2985 1054 3085 deputato
1078 2990 1134 3086 qui
1156 3012 1208 3062 ern
1231 2989 1311 3069 illo,
1334 2990 1387 3063 sed
1404 3005 1439 3063 nr
1457 2986 1515 3073 fir,
1530 2990 1653 3087 ingenii
1668 2988 1731 3058 ltu·

404 3104 409 3181 j
453 3086 541 3155 mani
556 3083 781 3161 additamentis
801 3084 899 3157 audio
925 3094 962 3159 dr
978 3090 1168 3183 inquinato,
1192 3091 1352 3187 originem
1381 3082 1639 3163 sacrificiorum,
1662 3084 1732 3158 die·

454 3203 529 3253 rum
545 3180 724 3277 fenorum,
746 3180 859 3255 diluuii
882 3181 1147 3281 daemonumque
1166 3188 1322 3283 notitiae,
1344 3186 1463 3269 ducere
1483 3206 1551 3255 non
1565 3180 1731 3272 dubitem,

305 3350 315 3361 ,
344 3362 352 3371 ,
395 3362 398 3369 Ι
456 3286 491 3351 dt
506 3282 585 3351 inde
598 3282 732 3370 omnia,
757 3302 842 3375 quae
857 3278 899 3352 de
915 3282 967 3353 hia
989 3282 1154 3357 idolorum
1168 3284 1343 3359 cultoribus
1358 3272 1585 3361 innotuiil'ent.
1607 3300 1732 3380 repete·

457 3397 507 3453 rr„
532 3372 704 3448 consentit
720 3376 943 3454 Reuerendisa.
955 3382 1001 3456 D.
1014 3385 1187 3456 Munna
1204 3385 1237 3453 in
1252 3378 1325 3457 diff.
1342 3384 1398 3461 cir.
1411 3408 1444 3480 p.
1462 3405 1494 3453 a.
1512 3404 1545 3453 n.
1567 3401 1594 3450 r.
1626 3430 1652 3475 ‚,
1667 3383 1736 3456 Ve-

459 3465 486 3567 '„
509 3469 676 3549 tulliffima
691 3470 743 3545 illa
759 3478 909 3575 gentiunt
925 3482 1058 3578 opinio,
1083 3502 1167 3581 quae
1182 3478 1359 3555 daemones
1380 3482 1464 3555 inter
1484 3482 1593 3553 Deum
1614 3486 1649 3551 dt
1670 3479 1735 3553 lto·

462 3602 490 3667 5,
513 3575 618 3648 minet
635 3568 727 3670 quast
741 3570 867 3653 medina
882 3575 1056 3653 oolloeauit
1067 3630 1081 3676 ,
1105 3606 1124 3653 e
1147 3574 1292 3652 fontibus
1311 3580 1425 3653 diuinis
1439 3583 1473 3651 in
1492 3600 1608 3651 omnes
1628 3580 1736 3654 natio·

463 3702 493 3765 ‚·,
516 3694 573 3742 nea
587 3668 715 3745 ridetur
727 3670 947 3770 dimanare„
973 3676 1046 3755 Nec
1062 3678 1176 3751 abnuit
1186 3680 1438 3764 Wnrruteunut
1448 3680 1482 3751 in
1489 3693 1573 3759 orat.
1591 3676 1680 3753 acad.
1697 3702 1737 3774 p.

464 3819 493 3869 „
521 3784 579 3849 ες.
602 3762 639 3841 la.
657 3769 813 3865 inquient.
837 3774 1119 3866 „Testimonium
1135 3776 1316 3850 traditionit
1336 3776 1499 3853 orientalis
1517 3776 1738 3863 odendir‚in.

461 3918 493 3969 q,
519 3866 854 3969 terornnearrliquat
880 3879 1103 3973 corruptiones
1118 3869 1737 4050 religionia'primitioaessonserufapiqqr

1110 3992 1115 4001 ,
1333 3998 1339 4008 ,
1403 4004 1410 4011 ,
1594 4020 1620 4082 u
1720 4000 1740 4050 e
