3617 4600
443 309 496 396 54
541 280 583 359 c.
613 281 668 358 11.
725 284 798 358 oa
824 279 1003 366 STAru
1021 280 1241 358 orAuour
1259 281 1407 359 Auru
1431 282 1671 364 ransom,

441 465 533 539 hunc
553 489 592 534 ex
615 464 764 537 omnibus
788 465 890 560 plagis
910 459 1042 535 lullrare
1061 457 1202 562 poll'mt,
1226 459 1327 541 adde,
1355 463 1445 560 quod
1456 462 1651 561 experienti
1667 460 1722 536 sex

343 631 347 638 .
420 561 680 636 millenniotum
710 569 819 637 erodii
845 611 857 638 .
886 555 939 632 sua
961 561 1201 658 longaeuitate,
1226 557 1353 632 infinita
1377 561 1593 660 experimenta
1625 563 1722 636 sece-

441 665 535 739 rint,
562 662 639 760 quid
658 665 759 764 longo
780 687 887 734 rerum
906 654 967 730 vsu
985 659 1181 756 intelligant,
1206 665 1421 758 cognouerint
1434 711 1446 742 ,
1460 660 1654 747 didicerint,
1667 659 1724 733 fa.

358 794 362 802 ·
441 761 500 832 cile
518 761 561 835 est
576 759 697 836 videre.
748 765 839 834 Haec
860 754 926 856 ipsa
946 783 1024 830 vero
1041 755 1190 845 scientia,
1213 783 1295 856 quae
1316 764 1350 832 in
1375 760 1454 831 llatu
1474 764 1584 857 primo
1611 788 1719 858 pura,

440 859 575 958 limpida
592 909 605 939 ,
630 857 797 960 spiritualis
813 876 903 938 erat,
931 860 997 928 iam
1018 863 1050 928 in
1066 881 1155 930 mete
1168 857 1345 930 naturalem
1363 883 1564 931 contammata
1581 861 1653 940 esi,
1681 872 1720 937 δι

441 961 649 1058 degenerauit
668 963 700 1030 in
719 985 818 1050 eant,
843 979 939 1056 quam
959 961 1052 1028 toties
1077 961 1111 1026 in
1131 957 1273 1028 doslore
1295 960 1495 1056 irregenito,
1519 953 1639 1029 amisso
1658 963 1721 1030 lla.
1788 1014 1792 1031 .

440 1079 476 1129 tu
489 1063 631 1155 gratiae,
657 1061 767 1132 videre
783 1059 950 1154 contigit,
974 1072 1007 1126 vt
1033 1055 1192 1132 Diabolus
1213 1061 1396 1151 patriarcha
1417 1058 1643 1130 ministrorum
1671 1064 1720 1132 ir.

438 1161 658 1256 regenitorum
674 1160 762 1232 teile
779 1155 899 1229 audiat.
955 1157 1113 1255 thuit
1135 1179 1217 1228 vero
1238 1153 1392 1229 excellent
1409 1153 1446 1228 sn
1464 1163 1501 1228 δε
1521 1159 1636 1229 eximia
1659 1183 1719 1232 re-

440 1259 513 1328 tulit
524 1255 717 1330 naturalium
732 1265 766 1330 δι
783 1257 968 1328 diuinarum
983 1259 1016 1326 iu
1031 1252 1174 1328 Diabolo
1189 1251 1337 1334 scientia,
1361 1254 1462 1326 multa
1475 1275 1585 1328 tamen
1602 1251 1718 1346 nescit,

431 1351 477 1432 ¹tit
499 1382 534 1428 ea
558 1358 729 1454 inprimis,
753 1378 837 1454 quae
857 1353 898 1425 ad
918 1351 1119 1427 liberrimum
1144 1356 1210 1426 Dei
1225 1352 1394 1424 arbitrium
1417 1407 1431 1434 ,
1458 1366 1494 1431 &
1513 1379 1553 1427 ex
1572 1379 1614 1429 eo
1632 1381 1721 1428 con·

441 1455 585 1528 llitutam
613 1450 798 1544 denomino
812 1447 1037 1549 euangelicam
1060 1448 1229 1552 spedlaut,
1257 1475 1339 1548 quae
1361 1457 1515 1528 nimirum
1538 1449 1609 1524 sunt
1633 1459 1721 1527 eius·

440 1551 567 1634 modi,
601 1577 636 1624 vt
657 1553 699 1625 de
725 1557 764 1625 iia
795 1548 903 1623 Petrus
935 1551 1036 1648 1Ep.
1060 1555 1083 1624 1.
1118 1575 1172 1623 ra.
1206 1553 1431 1646 pronunciet,
1460 1552 1505 1641 ἔις
1532 1553 1558 1629 ἅ
1582 1549 1721 1630 imp.

440 1649 548 1744 rcaiort
571 1645 994 1751 appertinentibus,
1018 1649 1298 1754 quemadmodum
1324 1654 1428 1723 etiam
1450 1653 1577 1731 Paullus
1600 1655 1643 1724 de
1668 1680 1724 1724 va.

439 1757 487 1824 ria
516 1750 578 1826 Dei
601 1753 754 1850 sapientia
779 1752 956 1849 loquitur,
989 1773 1073 1846 quae
1097 1746 1276 1826 declaratur
1296 1749 1527 1852 principatibus
1560 1761 1595 1825 dr
1627 1772 1724 1852 pote·

440 1847 590 1934 ilatibue,
616 1854 649 1922 in
667 1850 867 1934 coelestibus,
894 1875 951 1950 per
965 1848 1131 1922 ecciesnm
1156 1848 1269 1944 (Ephs
1286 1851 1342 1920 lli.
1370 1854 1454 1944 ro,)
1505 1856 1600 1944 Qree
1617 1853 1642 1924 fi
1662 1856 1726 1924 bo.

443 1951 493 2033 nis
510 1952 629 2050 angelis
645 1977 712 2023 non
734 1977 751 2021 a
769 1953 980 2050 principio&
1002 1972 1077 2022 anre
1095 1971 1249 2022 euentum
1272 1949 1461 2038 innotuere,
1485 1951 1593 2024 multo
1609 1952 1642 2022 id
1663 1958 1724 2021 mi·

442 2059 501 2124 iaus
515 2049 555 2124 de
569 2049 657 2124 malis
672 2049 844 2122 exillimari
861 2047 987 2146 potell.·
1022 2049 1101 2120 Hoc
1119 2044 1252 2147 quidem
1272 2043 1360 2117 sensu
1381 2076 1449 2121 non
1467 2049 1550 2121 male
1573 2047 1726 2123 fecissent

466 2168 562 2234 atres,
589 2151 614 2222 ll
645 2145 870 2223 Daemonibus
898 2142 1131 2241 adscripsissent
1162 2147 1413 2240 cognitionem,
1440 2175 1508 2219 non
1529 2149 1631 2222 modo
1652 2178 1725 2222 non

390 2244 395 2253 ’
440 2171 641 2343 superiorem
662 2243 835 2337 humani,
860 2239 916 2316 sed
937 2266 977 2313 ne
997 2257 1109 2339 parem
1136 2243 1283 2343 quidem.
1310 2270 1338 2316 e.
1357 2271 1390 2345 g.
1412 2252 1598 2322 Auente
1613 2275 1723 2325 unus

412 2381 420 2389 ·
445 2342 524 2419 Lcl.
541 2364 655 2417 contra
674 2343 775 2417 acad.
796 2344 836 2415 C.
853 2344 908 2413 VI.
924 2342 964 2411 ab
989 2337 1085 2417 huiut
1100 2346 1182 2416 ac'rit
1207 2342 1396 2420 animalibus
1418 2347 1613 2445 quibusdam
1636 2350 1725 2441 nilis·
1791 2331 1795 2444 l

294 2534 302 2543 .
445 2437 558 2523 simia,
582 2467 666 2541 quos
682 2441 1015 2529 daemomonum,
1037 2490 1066 2523 „
1079 2468 1140 2515 noa
1156 2438 1298 2541 superari
1318 2451 1469 2519 acumine
1487 2473 1527 2519 ee
1547 2444 1723 2523 subtilitate
1793 2453 1794 2456 ’

446 2586 476 2621 .,
501 2535 652 2615 sensuum
667 2532 774 2638 polle,
801 2537 965 2623 concedo,
992 2545 1118 2615 ratione
1133 2565 1265 2623 autem,
1289 2560 1396 2641 nego:
1420 2545 1643 2619 &aliolorot
1661 2550 1724 2621 ab.
1793 2533 1794 2568 ¹

444 2685 476 2720 η
498 2638 555 2729 stt,
578 2665 613 2713 ve
635 2640 693 2711 illa
718 2636 939 2724 considerans,
965 2642 1093 2712 animm
1111 2643 1265 2713 veracitet
1281 2636 1463 2741 religiosus,
1491 2654 1524 2718 dt
1547 2647 1627 2717 ve'to
1647 2648 1723 2721 Deo

445 2786 474 2821 „
495 2734 656 2825 subditus,
681 2737 756 2811 ideo
779 2736 972 2826 arbitretur,
996 2738 1173 2815 daemones
1190 2734 1306 2837 seipso
1335 2736 1398 2819 else
1424 2742 1600 2831 meliores,
1627 2749 1721 2845 quod

446 2884 476 2921 „
501 2836 640 2911 habeant
656 2861 799 2934 corpora
815 2838 948 2911 meliora
963 2880 983 2901 -
996 2880 1012 2897 ·
1028 2834 1082 2911 sed
1097 2837 1176 2911 ficut
1194 2838 1244 2911 hia
1255 2842 1406 2915 omnibus
1417 2842 1607 2917 animalibus
1620 2850 1726 2919 ratio·

442 2984 474 3019 „
501 2938 641 3011 einardo
655 2944 690 3011 δι
703 2936 910 3035 intelligendo
925 2934 1075 3009 meliores
1100 2933 1226 3027 summ,
1254 2941 1296 3008 ita
1311 2946 1409 3013 etiam
1429 2939 1650 3017 dreruonibue
1666 2948 1725 3019 be·

443 3087 472 3121 ,‚
497 3060 539 3108 ne
558 3054 653 3139 atque
674 3034 806 3108 honelle
822 3036 964 3108 viuendo
990 3033 1140 3107 melioret
1161 3032 1221 3107 else
1244 3034 1412 3112 debemur.
1428 3090 1455 3121 „
1505 3042 1542 3124 ln
1560 3040 1642 3113 ilatu
1659 3047 1724 3143 igi.

442 3162 495 3214 tur
536 3140 622 3211 rimo
643 3130 763 3209 diabole
781 3129 948 3205 scientiam
965 3132 1281 3225 excellentiffimam,
1319 3140 1493 3221 diuinam,
1522 3135 1724 3237 spiritualem

441 3234 490 3307 sui
517 3234 706 3329 e„nullum
732 3230 778 3303 ell
798 3230 965 3319 dubium,
991 3234 1053 3302 iam
1076 3258 1178 3316 vero,
1203 3260 1237 3322 ve
1262 3244 1383 3339 optima
1402 3264 1460 3341 per
1485 3239 1619 3316 abusum
1644 3242 1722 3317 fieri

448 3324 580 3431 possunt
597 3328 749 3433 pessima,
775 3353 850 3401 vere
864 3330 1071 3407 diabolicam.
1127 3412 1134 3419 ,

894 3536 900 3549 ’
1022 3548 1126 3645 us·

263 3759 361 3821 sum,
379 3750 411 3813 1„
468 3795 473 3805 ,
540 3719 829 3821 Jamquifadlum
848 3720 905 3808 lit,
927 3723 1338 3803 vibllatutambtato&
1360 3729 1529 3828 multiplici
1552 3734 1726 3810 bonorum

263 3834 344 3917 lapsu
444 3826 537 3921 copia
557 3820 714 3899 adfluenti
733 3822 888 3911 exciderit
900 3823 1075 3909 Diabolus,
1102 3830 1289 3920 quaeritur?
1314 3826 1425 3901 ΜΛΝ
1438 3858 1450 3901 ι
1462 3856 1482 3901 c
1494 3859 1516 3905 u
1529 3860 1603 3907 nur
1623 3855 1725 3921 certe,

446 3932 482 3999 dr
503 3924 558 4025 qui
575 3920 684 4022 possea
699 3922 861 4024 cumipse
877 3918 1485 4004 sectreel'rrscrtttnursrna
1504 3958 1573 4005 non
1589 3934 1728 4009 audien·

1693 4033 1729 4105 di
