3617 4600
511 362 587 433 ιΝ
614 360 945 438 NATuttmu-
1008 367 1050 459 Α
1198 347 1205 355 ’
1258 346 1367 470 ¹239:

83 564 165 613 eum
180 534 364 613 idololatria
380 542 539 637 iungatur.
581 538 715 635 (apoc.
731 540 812 615 lslss.
831 546 890 631 t.)
915 540 997 612 lllul
1014 533 1091 612 vero
1110 555 1352 623 commercium

83 642 187 713 variis
209 640 315 711 modis
334 638 482 725 obtinet,
506 640 556 709 tel
579 643 739 725 mediate,
767 640 816 711 vel
833 642 1045 719 immediate,
1078 642 1128 713 vel
1153 646 1280 721 direde
1303 650 1354 723 tel

83 740 273 816 indiredle,
297 735 346 807 tel
364 734 540 815 subtiliter,
565 735 613 809 vel
629 730 751 815 crasse,
777 738 826 809 vel
845 742 1028 823 remotius,
1051 738 1100 811 vel
1118 748 1279 837 propina,
1307 743 1355 819 se.

86 836 240 915 eundum
266 830 459 908 concursum
480 835 531 907 vel
554 832 766 934 generalem,
803 837 853 907 vel
881 834 1073 932 specialem,
1100 840 1149 910 vel
1171 838 1355 939 specialilli·

85 958 200 1009 ntum.
249 934 287 1004 ln
312 932 373 1005 illie
398 935 672 1005 incantationibus
692 938 868 1005 Daemones
892 941 927 1003 in
943 937 1098 1007 auxilium
1114 943 1222 1009 vocari
1240 942 1355 1013 viden·

85 1050 154 1103 tur.
208 1036 298 1102 Deus
313 1032 408 1105 huius
428 1034 568 1109 mundi,
589 1040 626 1105 dc
651 1032 746 1129 fimln
770 1036 802 1103 in
827 1034 982 1104 omnibus
1012 1039 1079 1105 veri
1115 1036 1293 1118 Numinis,
1318 1064 1354 1109 a.

85 1152 162 1201 mat
178 1132 346 1207 irruocari,
373 1132 519 1222 (Mansa,
535 1130 593 1204 tv.
616 1129 681 1219 9.)
714 1130 853 1202 eundem
881 1157 921 1201 ue
945 1130 1002 1201 sibi
1036 1133 1158 1205 cultum
1185 1136 1366 1217 exhiberi,'

83 1234 147 1323 qui
169 1226 227 1301 soli
255 1228 501 1302 Deodebetur.
559 1228 625 1301 Illa
647 1231 737 1301 enim
756 1156 910 1301 lbrtntia
936 1232 1121 1329 uerbaque,
1162 1232 1205 1305 td
1238 1255 1355 1310 tetum

85 1334 204 1415 Deum
225 1350 294 1397 non
327 1324 471 1407 diretta,
501 1325 629 1399 nonnisi
657 1330 833 1402 Daemones
857 1325 983 1408 ferite,
1023 1352 1150 1403 cettutn
1179 1334 1239 1407 esi.
1314 1338 1355 1410 Et

83 1422 370 1521 quemadmodum
388 1428 550 1497 Dominus
564 1449 671 1525 prope
686 1426 731 1499 esl
745 1428 896 1499 omnibus
924 1431 1149 1502 innocentibus
1175 1456 1251 1505 eum
1269 1429 1355 1506 serio

82 1532 121 1597 dc
137 1523 278 1613 interce
301 1520 517 1615 (ricxtv.
536 1540 589 1599 tt.
614 1550 668 1606 19·
697 1526 861 1598 xxxvtt.
882 1535 949 1620 e.)
980 1532 1022 1597 ita
1048 1554 1110 1599 nec
1134 1527 1209 1599 suos
1233 1532 1353 1602 sruslra

83 1626 245 1694 inuocare
278 1620 354 1693 finit
371 1622 557 1701 Diabolus,
585 1648 766 1721 eorumque
795 1628 968 1719 precibus,
990 1624 1204 1696 lubentiffitne
1227 1632 1354 1698 annuit.
1425 1618 1431 1623 ⁴

79 1722 176 1789 Hinc
198 1721 321 1817 Magi:
342 1716 471 1789 nonnisi
497 1717 641 1797 slodent,
670 1715 722 1788 sua
738 1718 829 1813 culpa
849 1722 933 1790 iusto
947 1724 1009 1791 Dei
1026 1722 1200 1794 iudiciuin
1220 1748 1356 1820 peruer·
1387 1742 1397 1757 ⁸

77 1818 156 1888 sunt
178 1812 304 1889 sensum
320 1815 449 1896 traditi,
461 1820 505 1885 vti
525 1818 636 1888 videre
652 1815 696 1891 esi
714 1814 892 1909 injudait,
911 1820 994 1915 qui,
1017 1821 1149 1891 cotnob
1162 1818 1352 1919 grauisl'tma

33 1913 36 1921 ⁴
78 1914 225 1995 desidia,
248 1924 282 1989 δι
301 1940 417 1987 necem
432 1914 669 2009 prophetarunt
693 1922 726 1987 dt
749 1917 884 1985 Domini
915 1918 943 1985 l.
962 1918 1005 1991 C.
1027 1922 1142 1990 aDeo
1164 1922 1278 1993 abiecti
1312 1928 1349 1995 d:

72 2012 243 2107 repudiati
266 2006 388 2098 essent,
441 2010 563 2081 cultum
587 2002 632 2085 bn
658 2005 723 2087 nbi
745 2008 813 2087 nlo
836 2006 903 2087 nbb
928 2011 1043 2089 moui
1078 2040 1192 2090 :annu
1231 2033 1349 2092 ornan

72 2110 329 2193 exhibuerunt,
372 2114 408 2183 dt
447 2108 490 2179 ab
525 2132 568 2179 eo
599 2126 750 2203 tempore
796 2105 942 2179 Diabolo
987 2108 1162 2205 plurimum
1207 2106 1350 2182 litaront.

43 2266 47 2273 .
69 2204 182 2279 Saulis
194 2204 378 2306 exemplum
388 2210 529 2287 imitati,
547 2208 634 2303 qui,
652 2228 730 2278 curn
750 2206 839 2277 Deua
850 2254 866 2283 ,
889 2206 1020 2281 obelus
1037 2207 1289 2277 inobedientiam
1301 2224 1351 2276 at·

75 2329 151 2402 que
184 2307 385 2402 impietatem
415 2311 648 2380 commercium
685 2300 890 2401 abrupisset,
919 2332 1026 2404 neque
1057 2306 1121 2378 tlla
1156 2309 1285 2376 tatione
1304 2304 1348 2378 ad

70 2403 174 2500 ipsius
199 2423 274 2476 vota
291 2401 490 2503 respondere
514 2399 706 2494 ammistae,
729 2405 771 2474 td
785 2405 961 2476 Diabolum
979 2405 1130 2504 illiusque
1150 2405 1344 2476 insltutnen·

73 2527 109 2571 ta
138 2501 349 2600 impmiliima
369 2501 404 2576 se
418 2509 587 2578 conuertit.
612 2509 656 2597 (a
671 2499 756 2574 Satn.
772 2503 917 2576 xxvttt.
939 2513 960 2569 6
980 2507 1050 2595 7.)
1071 2505 1230 2584 Accedit,
1252 2502 1346 2599 qood

74 2605 170 2672 Deua
182 2602 255 2699 poll
273 2601 470 2702 repudium,
493 2603 615 2700 populo
633 2595 690 2674 suo
703 2598 935 2698 priscotlatutn
953 2655 968 2684 ,
993 2629 1053 2702 per
1070 2601 1274 2675 iuslislintum
1295 2605 1350 2674 iu·

71 2699 222 2778 dicium,
249 2699 393 2774 Diabolo
415 2703 607 2798 pntellarem
626 2701 806 2773 concedere
829 2709 1006 2793 potuerit,
1029 2721 1064 2770 tt
1081 2704 1205 2772 eorutn‘
1220 2718 1348 2770 mentes

71 2817 262 2875 excaecaret,
289 2802 307 2894 (
317 2823 338 2864 z
356 2799 434 2866 Cot.
448 2802 505 2869 lV.
522 2798 583 2882 4.)
608 2795 790 2875 induraret,
811 2799 829 2885 (
845 2799 946 2864 Rom.
971 2799 1025 2870 xl.
1044 2821 1093 2879 7.
1117 2799 1200 2882 ιο.)
1215 2819 1279 2865 cot
1290 2797 1342 2886 la-

69 2900 167 2992 queit
183 2897 223 2964 ad
245 2895 382 2966 lubitum
402 2883 498 2962 suunt
517 2892 660 2988 captiuos
676 2913 821 2965 teneret.
847 2891 992 2980 (a'sitn.
1006 2893 1046 2962 ll.
1068 2897 1156 2977 ai.)
1179 2900 1213 2963 dc
1229 2888 1343 2962 sortas-

67 2993 103 3066 se
124 2991 293 3090 prosllgile
307 2997 341 3065 dt
353 2981 521 3060 effcdlibut
535 2987 699 3058 nonnullis
718 2984 831 3060 oculos
843 2983 1029 3059 ferientibus
1044 2984 1222 3060 fascinaret.
1252 2992 1345 3061 l-linc

67 3091 106 3164 b.
133 3091 406 3168 Louncrtus:
427 3089 569 3158 iudaeum
584 3087 754 3158 bominem
777 3085 905 3181 (talem
921 3135 936 3163 .
959 3084 1071 3182 quales
1080 3086 1158 3180 post
1178 3087 1343 3182 Christum

21 3239 24 3244 ι
68 3193 283 3286 repudiatum
303 3189 435 3290 plutiani
450 3188 601 3274 erant,)
622 3182 743 3258 scatere
767 3202 860 3256 tanto
880 3180 1144 3282 superstitionum
1161 3185 1343 3257 diabolica·

68 3313 148 3360 rum
168 3290 320 3365 cumulo,
348 3309 383 3357 vt
401 3307 574 3356 numerum
592 3283 735 3382 pilorum
755 3281 799 3354 de
814 3308 937 3356 nouem
955 3287 1058 3356 vaccis
1077 3283 1181 3380 longe
1198 3280 1341 3355 excedat.
1472 3295 1479 3304 '

67 3387 105 3458 ld
131 3387 336 3458 manifestum
345 3383 401 3458 siet
422 3386 607 3482 unicuique,
620 3387 676 3479 qui
690 3395 745 3466 et,
769 3407 842 3477 quae
856 3385 900 3452 de
920 3385 1069 3456 Knbbnla
1082 3379 1136 3453 sua
1149 3393 1183 3455 dt
1201 3381 1343 3478 specula-

67 3489 136 3555 tlua
151 3495 186 3558 δι
203 3481 497 3582 pradlicadoeeut‚
518 3483 770 3580 recogitaverit,
793 3480 836 3551 de
845 3505 910 3579 qua
924 3477 1014 3553 conf.
1034 3484 1150 3552 Corra·
1174 3489 1342 3554 dotta-

70 3607 132 3654 ηε
158 3590 209 3657 Tr
239 3579 280 3658 de
303 3577 655 3653 vanitatescientiarum
677 3605 708 3678 p.
729 3595 877 3661 77-80.
927 3583 968 3651 Et
994 3583 1061 3651 ltacc
1091 3580 1156 3675 ipsa
1175 3585 1338 3652 tationem
1394 3643 1402 3656 .

68 3675 298 3780 suppeditant,
317 3683 425 3752 curin
443 3676 584 3750 Ecclesia
600 3687 722 3748 rariora
749 3675 806 3746 stnt
828 3677 1009 3775 Magorum
1028 3680 1186 3775 exempla.
1233 3679 1341 3750 Omni

69 3803 150 3850 cuin
162 3779 476 3855 Dcocotntnunioni
494 3783 707 3856 renunciare,
731 3771 841 3846 fndus
863 3775 1053 3870 baptismale
1071 3779 1252 3849 enormiter
1264 3779 1339 3843 vlo'·

69 3871 160 3958 ltre,
189 3875 441 3974 profundissima·
462 3873 592 3944 malitiae
607 3873 638 3944 sc
652 3874 802 3950 tradere,
829 3899 964 3945 omnem
987 3873 1085 3946 fidem
1110 3883 1144 3946 in
1173 3879 1282 3944 Deum
1301 3881 1338 3947 d:

70 3979 269 4051 saluatorem
284 3971 647 4054 contemnebamus
661 3975 833 4072 gentilismi
844 3975 1101 4072 &repudiandae
1116 3975 1264 4046 iudaitmi
1279 3973 1341 4140 ag·
1381 3983 1385 3990 “

1133 4126 1140 4155 „
1242 4092 1292 4140 ,κ
1327 4094 1342 4138 ι
